%% This BibTeX bibliography file was created using BibDesk.
%% http://bibdesk.sourceforge.net/

%%Used by Mike Pajkos 2018-07-26
%% Created for Edward Brown at 2015-07-20 14:20:41 -0400 


%% Saved with string encoding Unicode (UTF-8) 


@article{blondin:2007,
	Author = {{Blondin}, J.~M. and {Shaw}, S.},
	Journal = {\apj},
	Month = feb,
	Pages = {366-371},
	Title = {{Linear Growth of Spiral SASI Modes in Core-Collapse Supernovae}},
	Volume = 656,
	Year = 2007}


@article{baron:1990,
	Author = {{Baron}, E. and {Cooperstein}, J.},
	Journal = {\apj},
	Month = apr,
	Pages = {597-611},
	Title = {{The effect of iron core structure on supernovae}},
	Volume = 353,
	Year = 1990}


@article{summa:2018,
	Author = {{Summa}, A. and {Janka}, H.-T. and {Melson}, T. and {Marek}, A.},
	Journal = {\apj},
	Month = jan,
	Pages = {28},
	Title = {{Rotation-supported Neutrino-driven Supernova Explosions in Three Dimensions and the Critical Luminosity Condition}},
	Volume = 852,
	Year = 2018}


@article{dolence:2013,
	Author = {{Dolence}, J.~C. and {Burrows}, A. and {Murphy}, J.~W. and {Nordhaus}, J.},
	Journal = {\apj},
	Month = mar,
	Pages = {110},
	Title = {{Dimensional Dependence of the Hydrodynamics of Core-collapse Supernovae}},
	Volume = 765,
	Year = 2013}

@article{murphy:2013,
	Author = {{Murphy}, J.~W. and {Dolence}, J.~C. and {Burrows}, A.},
	Journal = {\apj},
	Month = jul,
	Pages = {52},
	Title = {{The Dominance of Neutrino-driven Convection in Core-collapse Supernovae}},
	Volume = 771,
	Year = 2013}

@article{couch:2015a,
	Author = {{Couch}, S.~M. and {Ott}, C.~D.},
	Journal = {\apj},
	Month = jan,
	Pages = {5},
	Title = {{The Role of Turbulence in Neutrino-driven Core-collapse Supernova Explosions}},
	Volume = 799,
	Year = 2015}


@article{mabanta:2018,
	Author = {{Mabanta}, Q.~A. and {Murphy}, J.~W.},
	Journal = {\apj},
	Month = mar,
	Pages = {22},
	Title = {{How Turbulence Enables Core-collapse Supernova Explosions}},
	Volume = 856,
	Year = 2018}

@ARTICLE{andresen:2018,
       author = {{Andresen}, H. and {M{\"u}ller}, E. and {Janka}, H. -Th. and {Summa}, A.
        and {Gill}, K. and {Zanolin}, M.},
        title = "{Gravitational waves from three-dimensional core-collapse supernova
        models: The impact of moderate progenitor rotation}",
      journal = {ArXiv e-prints},
     keywords = {Astrophysics - High Energy Astrophysical Phenomena, Astrophysics - Solar
        and Stellar Astrophysics},
         year = 2018,
        month = Oct,
          eid = {arXiv:1810.07638},
        pages = {arXiv:1810.07638},
archivePrefix = {arXiv},
       eprint = {1810.07638},
 primaryClass = {astro-ph.HE},
       adsurl = {https://ui.adsabs.harvard.edu/#abs/2018arXiv181007638A},
      adsnote = {Provided by the SAO/NASA Astrophysics Data System}
}



@article{morozova:2018,
	Author = {{Morozova}, V. and {Radice}, D. and {Burrows}, A. and {Vartanyan}, D.},
	Journal = {\apj},
	Month = jul,
	Pages = {10},
	Title = {{The Gravitational Wave Signal from Core-collapse Supernovae}},
	Volume = 861,
	Year = 2018}


@article{bruenn:2016,
	Abstract = {We present four ab initio axisymmetric core-collapse supernova simulations initiated from 12, 15, 20, and 25 {M}&sun;  zero-age main sequence progenitors. All of the simulations yield explosions and have been evolved for at least 1.2 s after core bounce and 1 s after material first becomes unbound. These simulations were computed with our Chimera code employing RbR spectral neutrino transport, special and general relativistic transport effects, and state-of-the-art neutrino interactions. Continuing the evolution beyond 1 s after core bounce allows the explosions to develop more fully and the processes involved in powering the explosions to become more clearly evident. We compute explosion energy estimates, including the negative gravitational binding energy of the stellar envelope outside the expanding shock, of 0.34, 0.88, 0.38, and 0.70 Bethe (B â‰¡ {10}51 erg) and increasing at 0.03, 0.15, 0.19, and 0.52 {\text{B s}}-1, respectively, for the 12, 15, 20, and 25 {M}&sun;  models at the endpoint of this report. We examine the growth of the explosion energy in our models through detailed analyses of the energy sources and flows. We discuss how the explosion energies may be subject to stochastic variations as exemplfied by the effect of the explosion geometry of the 20 {M}&sun;  model in reducing its explosion energy. We compute the proto-neutron star masses and kick velocities. We compare our results for the explosion energies and ejected {}56{Ni} masses against some observational standards despite the large error bars in both models and observations.},
	Adsnote = {Provided by the SAO/NASA Astrophysics Data System},
	Adsurl = {http://adsabs.harvard.edu/abs/2016ApJ...818..123B},
	Archiveprefix = {arXiv},
	Arxivurl = {http://arxiv.org/abs/1409.5779},
	Author = {{Bruenn}, S.~W. and {Lentz}, E.~J. and {Hix}, W.~R. and {Mezzacappa}, A. and {Harris}, J.~A. and {Messer}, O.~E.~B. and {Endeve}, E. and {Blondin}, J.~M. and {Chertkow}, M.~A. and {Lingerfelt}, E.~J. and {Marronetti}, P. and {Yakunin}, K.~N.},
	Date-Added = {2017-08-10 14:10:05 +0000},
	Date-Modified = {2017-12-05 16:36:25 +0000},
	Doi = {10.3847/0004-637X/818/2/123},
	Eid = {123},
	Eprint = {1409.5779},
	Journal = {\apj},
	Keywords = {abundances, neutrinos, nuclear reactions, nucleosynthesis, stars: evolution, stars: massive, supernovae: general},
	Month = feb,
	Pages = {123},
	Primaryclass = {astro-ph.SR},
	Title = {{The Development of Explosions in Axisymmetric Ab Initio Core-collapse Supernova Simulations of 12-25 M Stars}},
	Volume = 818,
	Year = 2016,
	Bdsk-File-1 = {YnBsaXN0MDDUAQIDBAUGJCVYJHZlcnNpb25YJG9iamVjdHNZJGFyY2hpdmVyVCR0b3ASAAGGoKgHCBMUFRYaIVUkbnVsbNMJCgsMDxJXTlMua2V5c1pOUy5vYmplY3RzViRjbGFzc6INDoACgAOiEBGABIAFgAdccmVsYXRpdmVQYXRoWWFsaWFzRGF0YV8QdC4uLy4uL0Ryb3Bib3gvTGl0ZXJhdHVyZS9CcnVlbm4vQnJ1ZW5uMjAxNi1UaGUgRGV2ZWxvcG1lbnQgb2YgRXhwbG9zaW9ucyBpbiBBeGlzeW1tZXRyaWMgQWIgSW5pdGlvIENvcmUtY29sbGFwc2UucGRm0hcLGBlXTlMuZGF0YU8RAnYAAAAAAnYAAgAADE1hY2ludG9zaCBIRAAAAAAAAAAAAAAAAAAAAAAAAABCRAAB/////x9CcnVlbm4yMDE2LVRoZSBEZXYjRkZGRkZGRkYucGRmAAAAAAAAAAAAAAAAAAAAAAAAAAAAAAAAAAAAAAAAAAD/////AAAAAAAAAAAAAAAAAAIABAAACiBjdQAAAAAAAAAAAAAAAAAGQnJ1ZW5uAAIAei86VXNlcnM6c21jOkRyb3Bib3g6TGl0ZXJhdHVyZTpCcnVlbm46QnJ1ZW5uMjAxNi1UaGUgRGV2ZWxvcG1lbnQgb2YgRXhwbG9zaW9ucyBpbiBBeGlzeW1tZXRyaWMgQWIgSW5pdGlvIENvcmUtY29sbGFwc2UucGRmAA4AqgBUAEIAcgB1AGUAbgBuADIAMAAxADYALQBUAGgAZQAgAEQAZQB2AGUAbABvAHAAbQBlAG4AdAAgAG8AZgAgAEUAeABwAGwAbwBzAGkAbwBuAHMAIABpAG4AIABBAHgAaQBzAHkAbQBtAGUAdAByAGkAYwAgAEEAYgAgAEkAbgBpAHQAaQBvACAAQwBvAHIAZQAtAGMAbwBsAGwAYQBwAHMAZQAuAHAAZABmAA8AGgAMAE0AYQBjAGkAbgB0AG8AcwBoACAASABEABIAeFVzZXJzL3NtYy9Ecm9wYm94L0xpdGVyYXR1cmUvQnJ1ZW5uL0JydWVubjIwMTYtVGhlIERldmVsb3BtZW50IG9mIEV4cGxvc2lvbnMgaW4gQXhpc3ltbWV0cmljIEFiIEluaXRpbyBDb3JlLWNvbGxhcHNlLnBkZgATAAEvAAAVAAIACv//AACABtIbHB0eWiRjbGFzc25hbWVYJGNsYXNzZXNdTlNNdXRhYmxlRGF0YaMdHyBWTlNEYXRhWE5TT2JqZWN00hscIiNcTlNEaWN0aW9uYXJ5oiIgXxAPTlNLZXllZEFyY2hpdmVy0SYnVHJvb3SAAQAIABEAGgAjAC0AMgA3AEAARgBNAFUAYABnAGoAbABuAHEAcwB1AHcAhACOAQUBCgESA4wDjgOTA54DpwO1A7kDwAPJA84D2wPeA/AD8wP4AAAAAAAAAgEAAAAAAAAAKAAAAAAAAAAAAAAAAAAAA/o=},
	Bdsk-Url-1 = {http://dx.doi.org/10.3847/0004-637X/818/2/123},
	Bdsk-Url-2 = {http://arxiv.org/abs/1409.5779},
	Bdsk-Url-3 = {http://adsabs.harvard.edu/abs/2016ApJ...818..123B}}


@article{muller:2012,
	Author = {{M{\"u}ller}, B. and {Janka}, H.-T. and {Marek}, A.},
	Journal = {\apj},
	Month = sep,
	Pages = {84},
	Title = {{A New Multi-dimensional General Relativistic Neutrino Hydrodynamics Code for Core-collapse Supernovae. II. Relativistic Explosion Models of Core-collapse Supernovae}},
	Volume = 756,
	Year = 2012}


@article{arnett:1989,
	Abstract = {Present understanding of SN 1987A is reviewed. The results of early optical and UV observations of the SN are summarized, and the reasons for the blue color of the progenitor star are theoretically examined. The physical processes involved in the explosion are discussed, and the neutrino burst, the light curve, and high-energy emissions are studied in detail. The spectral evaluation of SN 1987A is addressed, and issues for future study are briefly considered.},
	Adsnote = {Provided by the SAO/NASA Astrophysics Data System},
	Adsurl = {http://adsabs.harvard.edu/abs/1989ARA%26A..27..629A},
	Author = {{Arnett}, W.~D. and {Bahcall}, J.~N. and {Kirshner}, R.~P. and {Woosley}, S.~E.},
	Date-Added = {2017-08-10 13:53:46 +0000},
	Date-Modified = {2017-12-05 16:37:50 +0000},
	Doi = {10.1146/annurev.aa.27.090189.003213},
	Journal = {\araa},
	Keywords = {Stellar Evolution, Supernova 1987a, Blue Stars, Gamma Ray Spectra, Light Curve, Metallicity, Neutrinos, Nuclear Fusion, Stellar Color, X Ray Spectra},
	Pages = {629-700},
	Title = {{Supernova 1987A}},
	Volume = 27,
	Year = 1989,
	Bdsk-Url-1 = {http://dx.doi.org/10.1146/annurev.aa.27.090189.003213},
	Bdsk-Url-2 = {http://adsabs.harvard.edu/abs/1989ARA%26A..27..629A}}


@book{Weinberg1972Gravitation-and,
	Author = {Weinberg, Steven},
	Date-Added = {2013-10-22 16:51:51 +0000},
	Date-Modified = {2013-10-22 16:51:51 +0000},
	Publisher = {Wiley},
	Title = {Gravitation and Cosmology: Principles and Applications of the General Theory of Relativity},
	Year = {1972}}
	
@article{abbott:2016,
  title = {Observation of Gravitational Waves from a Binary Black Hole Merger},
  author = {Abbott, B. P. and Abbott, R. and Abbott, T. D. and Abernathy, M. R. and Acernese, F. and Ackley, K. and Adams, C. and Adams, T. and Addesso, P. and Adhikari, R. X. and Adya, V. B. and Affeldt, C. and Agathos, M. and Agatsuma, K. and Aggarwal, N. and Aguiar, O. D. and Aiello, L. and Ain, A. and Ajith, P. and Allen, B. and Allocca, A. and Altin, P. A. and Anderson, S. B. and Anderson, W. G. and Arai, K. and Arain, M. A. and Araya, M. C. and Arceneaux, C. C. and Areeda, J. S. and Arnaud, N. and Arun, K. G. and Ascenzi, S. and Ashton, G. and Ast, M. and Aston, S. M. and Astone, P. and Aufmuth, P. and Aulbert, C. and Babak, S. and Bacon, P. and Bader, M. K. M. and Baker, P. T. and Baldaccini, F. and Ballardin, G. and Ballmer, S. W. and Barayoga, J. C. and Barclay, S. E. and Barish, B. C. and Barker, D. and Barone, F. and Barr, B. and Barsotti, L. and Barsuglia, M. and Barta, D. and Bartlett, J. and Barton, M. A. and Bartos, I. and Bassiri, R. and Basti, A. and Batch, J. C. and Baune, C. and Bavigadda, V. and Bazzan, M. and Behnke, B. and Bejger, M. and Belczynski, C. and Bell, A. S. and Bell, C. J. and Berger, B. K. and Bergman, J. and Bergmann, G. and Berry, C. P. L. and Bersanetti, D. and Bertolini, A. and Betzwieser, J. and Bhagwat, S. and Bhandare, R. and Bilenko, I. A. and Billingsley, G. and Birch, J. and Birney, R. and Birnholtz, O. and Biscans, S. and Bisht, A. and Bitossi, M. and Biwer, C. and Bizouard, M. A. and Blackburn, J. K. and Blair, C. D. and Blair, D. G. and Blair, R. M. and Bloemen, S. and Bock, O. and Bodiya, T. P. and Boer, M. and Bogaert, G. and Bogan, C. and Bohe, A. and Bojtos, P. and Bond, C. and Bondu, F. and Bonnand, R. and Boom, B. A. and Bork, R. and Boschi, V. and Bose, S. and Bouffanais, Y. and Bozzi, A. and Bradaschia, C. and Brady, P. R. and Braginsky, V. B. and Branchesi, M. and Brau, J. E. and Briant, T. and Brillet, A. and Brinkmann, M. and Brisson, V. and Brockill, P. and Brooks, A. F. and Brown, D. A. and Brown, D. D. and Brown, N. M. and Buchanan, C. C. and Buikema, A. and Bulik, T. and Bulten, H. J. and Buonanno, A. and Buskulic, D. and Buy, C. and Byer, R. L. and Cabero, M. and Cadonati, L. and Cagnoli, G. and Cahillane, C. and Bustillo, J. Calder\'on and Callister, T. and Calloni, E. and Camp, J. B. and Cannon, K. C. and Cao, J. and Capano, C. D. and Capocasa, E. and Carbognani, F. and Caride, S. and Diaz, J. Casanueva and Casentini, C. and Caudill, S. and Cavagli\`a, M. and Cavalier, F. and Cavalieri, R. and Cella, G. and Cepeda, C. B. and Baiardi, L. Cerboni and Cerretani, G. and Cesarini, E. and Chakraborty, R. and Chalermsongsak, T. and Chamberlin, S. J. and Chan, M. and Chao, S. and Charlton, P. and Chassande-Mottin, E. and Chen, H. Y. and Chen, Y. and Cheng, C. and Chincarini, A. and Chiummo, A. and Cho, H. S. and Cho, M. and Chow, J. H. and Christensen, N. and Chu, Q. and Chua, S. and Chung, S. and Ciani, G. and Clara, F. and Clark, J. A. and Cleva, F. and Coccia, E. and Cohadon, P.-F. and Colla, A. and Collette, C. G. and Cominsky, L. and Constancio, M. and Conte, A. and Conti, L. and Cook, D. and Corbitt, T. R. and Cornish, N. and Corsi, A. and Cortese, S. and Costa, C. A. and Coughlin, M. W. and Coughlin, S. B. and Coulon, J.-P. and Countryman, S. T. and Couvares, P. and Cowan, E. E. and Coward, D. M. and Cowart, M. J. and Coyne, D. C. and Coyne, R. and Craig, K. and Creighton, J. D. E. and Creighton, T. D. and Cripe, J. and Crowder, S. G. and Cruise, A. M. and Cumming, A. and Cunningham, L. and Cuoco, E. and Canton, T. Dal and Danilishin, S. L. and D'Antonio, S. and Danzmann, K. and Darman, N. S. and Da Silva Costa, C. F. and Dattilo, V. and Dave, I. and Daveloza, H. P. and Davier, M. and Davies, G. S. and Daw, E. J. and Day, R. and De, S. and DeBra, D. and Debreczeni, G. and Degallaix, J. and De Laurentis, M. and Del\'eglise, S. and Del Pozzo, W. and Denker, T. and Dent, T. and Dereli, H. and Dergachev, V. and DeRosa, R. T. and De Rosa, R. and DeSalvo, R. and Dhurandhar, S. and D\'{\i}az, M. C. and Di Fiore, L. and Di Giovanni, M. and Di Lieto, A. and Di Pace, S. and Di Palma, I. and Di Virgilio, A. and Dojcinoski, G. and Dolique, V. and Donovan, F. and Dooley, K. L. and Doravari, S. and Douglas, R. and Downes, T. P. and Drago, M. and Drever, R. W. P. and Driggers, J. C. and Du, Z. and Ducrot, M. and Dwyer, S. E. and Edo, T. B. and Edwards, M. C. and Effler, A. and Eggenstein, H.-B. and Ehrens, P. and Eichholz, J. and Eikenberry, S. S. and Engels, W. and Essick, R. C. and Etzel, T. and Evans, M. and Evans, T. M. and Everett, R. and Factourovich, M. and Fafone, V. and Fair, H. and Fairhurst, S. and Fan, X. and Fang, Q. and Farinon, S. and Farr, B. and Farr, W. M. and Favata, M. and Fays, M. and Fehrmann, H. and Fejer, M. M. and Feldbaum, D. and Ferrante, I. and Ferreira, E. C. and Ferrini, F. and Fidecaro, F. and Finn, L. S. and Fiori, I. and Fiorucci, D. and Fisher, R. P. and Flaminio, R. and Fletcher, M. and Fong, H. and Fournier, J.-D. and Franco, S. and Frasca, S. and Frasconi, F. and Frede, M. and Frei, Z. and Freise, A. and Frey, R. and Frey, V. and Fricke, T. T. and Fritschel, P. and Frolov, V. V. and Fulda, P. and Fyffe, M. and Gabbard, H. A. G. and Gair, J. R. and Gammaitoni, L. and Gaonkar, S. G. and Garufi, F. and Gatto, A. and Gaur, G. and Gehrels, N. and Gemme, G. and Gendre, B. and Genin, E. and Gennai, A. and George, J. and Gergely, L. and Germain, V. and Ghosh, Abhirup and Ghosh, Archisman and Ghosh, S. and Giaime, J. A. and Giardina, K. D. and Giazotto, A. and Gill, K. and Glaefke, A. and Gleason, J. R. and Goetz, E. and Goetz, R. and Gondan, L. and Gonz\'alez, G. and Castro, J. M. Gonzalez and Gopakumar, A. and Gordon, N. A. and Gorodetsky, M. L. and Gossan, S. E. and Gosselin, M. and Gouaty, R. and Graef, C. and Graff, P. B. and Granata, M. and Grant, A. and Gras, S. and Gray, C. and Greco, G. and Green, A. C. and Greenhalgh, R. J. S. and Groot, P. and Grote, H. and Grunewald, S. and Guidi, G. M. and Guo, X. and Gupta, A. and Gupta, M. K. and Gushwa, K. E. and Gustafson, E. K. and Gustafson, R. and Hacker, J. J. and Hall, B. R. and Hall, E. D. and Hammond, G. and Haney, M. and Hanke, M. M. and Hanks, J. and Hanna, C. and Hannam, M. D. and Hanson, J. and Hardwick, T. and Harms, J. and Harry, G. M. and Harry, I. W. and Hart, M. J. and Hartman, M. T. and Haster, C.-J. and Haughian, K. and Healy, J. and Heefner, J. and Heidmann, A. and Heintze, M. C. and Heinzel, G. and Heitmann, H. and Hello, P. and Hemming, G. and Hendry, M. and Heng, I. S. and Hennig, J. and Heptonstall, A. W. and Heurs, M. and Hild, S. and Hoak, D. and Hodge, K. A. and Hofman, D. and Hollitt, S. E. and Holt, K. and Holz, D. E. and Hopkins, P. and Hosken, D. J. and Hough, J. and Houston, E. A. and Howell, E. J. and Hu, Y. M. and Huang, S. and Huerta, E. A. and Huet, D. and Hughey, B. and Husa, S. and Huttner, S. H. and Huynh-Dinh, T. and Idrisy, A. and Indik, N. and Ingram, D. R. and Inta, R. and Isa, H. N. and Isac, J.-M. and Isi, M. and Islas, G. and Isogai, T. and Iyer, B. R. and Izumi, K. and Jacobson, M. B. and Jacqmin, T. and Jang, H. and Jani, K. and Jaranowski, P. and Jawahar, S. and Jim\'enez-Forteza, F. and Johnson, W. W. and Johnson-McDaniel, N. K. and Jones, D. I. and Jones, R. and Jonker, R. J. G. and Ju, L. and Haris, K. and Kalaghatgi, C. V. and Kalogera, V. and Kandhasamy, S. and Kang, G. and Kanner, J. B. and Karki, S. and Kasprzack, M. and Katsavounidis, E. and Katzman, W. and Kaufer, S. and Kaur, T. and Kawabe, K. and Kawazoe, F. and K\'ef\'elian, F. and Kehl, M. S. and Keitel, D. and Kelley, D. B. and Kells, W. and Kennedy, R. and Keppel, D. G. and Key, J. S. and Khalaidovski, A. and Khalili, F. Y. and Khan, I. and Khan, S. and Khan, Z. and Khazanov, E. A. and Kijbunchoo, N. and Kim, C. and Kim, J. and Kim, K. and Kim, Nam-Gyu and Kim, Namjun and Kim, Y.-M. and King, E. J. and King, P. J. and Kinzel, D. L. and Kissel, J. S. and Kleybolte, L. and Klimenko, S. and Koehlenbeck, S. M. and Kokeyama, K. and Koley, S. and Kondrashov, V. and Kontos, A. and Koranda, S. and Korobko, M. and Korth, W. Z. and Kowalska, I. and Kozak, D. B. and Kringel, V. and Krishnan, B. and Kr\'olak, A. and Krueger, C. and Kuehn, G. and Kumar, P. and Kumar, R. and Kuo, L. and Kutynia, A. and Kwee, P. and Lackey, B. D. and Landry, M. and Lange, J. and Lantz, B. and Lasky, P. D. and Lazzarini, A. and Lazzaro, C. and Leaci, P. and Leavey, S. and Lebigot, E. O. and Lee, C. H. and Lee, H. K. and Lee, H. M. and Lee, K. and Lenon, A. and Leonardi, M. and Leong, J. R. and Leroy, N. and Letendre, N. and Levin, Y. and Levine, B. M. and Li, T. G. F. and Libson, A. and Littenberg, T. B. and Lockerbie, N. A. and Logue, J. and Lombardi, A. L. and London, L. T. and Lord, J. E. and Lorenzini, M. and Loriette, V. and Lormand, M. and Losurdo, G. and Lough, J. D. and Lousto, C. O. and Lovelace, G. and L\"uck, H. and Lundgren, A. P. and Luo, J. and Lynch, R. and Ma, Y. and MacDonald, T. and Machenschalk, B. and MacInnis, M. and Macleod, D. M. and Maga\~na-Sandoval, F. and Magee, R. M. and Mageswaran, M. and Majorana, E. and Maksimovic, I. and Malvezzi, V. and Man, N. and Mandel, I. and Mandic, V. and Mangano, V. and Mansell, G. L. and Manske, M. and Mantovani, M. and Marchesoni, F. and Marion, F. and M\'arka, S. and M\'arka, Z. and Markosyan, A. S. and Maros, E. and Martelli, F. and Martellini, L. and Martin, I. W. and Martin, R. M. and Martynov, D. V. and Marx, J. N. and Mason, K. and Masserot, A. and Massinger, T. J. and Masso-Reid, M. and Matichard, F. and Matone, L. and Mavalvala, N. and Mazumder, N. and Mazzolo, G. and McCarthy, R. and McClelland, D. E. and McCormick, S. and McGuire, S. C. and McIntyre, G. and McIver, J. and McManus, D. J. and McWilliams, S. T. and Meacher, D. and Meadors, G. D. and Meidam, J. and Melatos, A. and Mendell, G. and Mendoza-Gandara, D. and Mercer, R. A. and Merilh, E. and Merzougui, M. and Meshkov, S. and Messenger, C. and Messick, C. and Meyers, P. M. and Mezzani, F. and Miao, H. and Michel, C. and Middleton, H. and Mikhailov, E. E. and Milano, L. and Miller, J. and Millhouse, M. and Minenkov, Y. and Ming, J. and Mirshekari, S. and Mishra, C. and Mitra, S. and Mitrofanov, V. P. and Mitselmakher, G. and Mittleman, R. and Moggi, A. and Mohan, M. and Mohapatra, S. R. P. and Montani, M. and Moore, B. C. and Moore, C. J. and Moraru, D. and Moreno, G. and Morriss, S. R. and Mossavi, K. and Mours, B. and Mow-Lowry, C. M. and Mueller, C. L. and Mueller, G. and Muir, A. W. and Mukherjee, Arunava and Mukherjee, D. and Mukherjee, S. and Mukund, N. and Mullavey, A. and Munch, J. and Murphy, D. J. and Murray, P. G. and Mytidis, A. and Nardecchia, I. and Naticchioni, L. and Nayak, R. K. and Necula, V. and Nedkova, K. and Nelemans, G. and Neri, M. and Neunzert, A. and Newton, G. and Nguyen, T. T. and Nielsen, A. B. and Nissanke, S. and Nitz, A. and Nocera, F. and Nolting, D. and Normandin, M. E. N. and Nuttall, L. K. and Oberling, J. and Ochsner, E. and O'Dell, J. and Oelker, E. and Ogin, G. H. and Oh, J. J. and Oh, S. H. and Ohme, F. and Oliver, M. and Oppermann, P. and Oram, Richard J. and O'Reilly, B. and O'Shaughnessy, R. and Ott, C. D. and Ottaway, D. J. and Ottens, R. S. and Overmier, H. and Owen, B. J. and Pai, A. and Pai, S. A. and Palamos, J. R. and Palashov, O. and Palomba, C. and Pal-Singh, A. and Pan, H. and Pan, Y. and Pankow, C. and Pannarale, F. and Pant, B. C. and Paoletti, F. and Paoli, A. and Papa, M. A. and Paris, H. R. and Parker, W. and Pascucci, D. and Pasqualetti, A. and Passaquieti, R. and Passuello, D. and Patricelli, B. and Patrick, Z. and Pearlstone, B. L. and Pedraza, M. and Pedurand, R. and Pekowsky, L. and Pele, A. and Penn, S. and Perreca, A. and Pfeiffer, H. P. and Phelps, M. and Piccinni, O. and Pichot, M. and Pickenpack, M. and Piergiovanni, F. and Pierro, V. and Pillant, G. and Pinard, L. and Pinto, I. M. and Pitkin, M. and Poeld, J. H. and Poggiani, R. and Popolizio, P. and Post, A. and Powell, J. and Prasad, J. and Predoi, V. and Premachandra, S. S. and Prestegard, T. and Price, L. R. and Prijatelj, M. and Principe, M. and Privitera, S. and Prix, R. and Prodi, G. A. and Prokhorov, L. and Puncken, O. and Punturo, M. and Puppo, P. and P\"urrer, M. and Qi, H. and Qin, J. and Quetschke, V. and Quintero, E. A. and Quitzow-James, R. and Raab, F. J. and Rabeling, D. S. and Radkins, H. and Raffai, P. and Raja, S. and Rakhmanov, M. and Ramet, C. R. and Rapagnani, P. and Raymond, V. and Razzano, M. and Re, V. and Read, J. and Reed, C. M. and Regimbau, T. and Rei, L. and Reid, S. and Reitze, D. H. and Rew, H. and Reyes, S. D. and Ricci, F. and Riles, K. and Robertson, N. A. and Robie, R. and Robinet, F. and Rocchi, A. and Rolland, L. and Rollins, J. G. and Roma, V. J. and Romano, J. D. and Romano, R. and Romanov, G. and Romie, J. H. and Rosi\ifmmode \acute{n}\else \'{n}\fi{}ska, D. and Rowan, S. and R\"udiger, A. and Ruggi, P. and Ryan, K. and Sachdev, S. and Sadecki, T. and Sadeghian, L. and Salconi, L. and Saleem, M. and Salemi, F. and Samajdar, A. and Sammut, L. and Sampson, L. M. and Sanchez, E. J. and Sandberg, V. and Sandeen, B. and Sanders, G. H. and Sanders, J. R. and Sassolas, B. and Sathyaprakash, B. S. and Saulson, P. R. and Sauter, O. and Savage, R. L. and Sawadsky, A. and Schale, P. and Schilling, R. and Schmidt, J. and Schmidt, P. and Schnabel, R. and Schofield, R. M. S. and Sch\"onbeck, A. and Schreiber, E. and Schuette, D. and Schutz, B. F. and Scott, J. and Scott, S. M. and Sellers, D. and Sengupta, A. S. and Sentenac, D. and Sequino, V. and Sergeev, A. and Serna, G. and Setyawati, Y. and Sevigny, A. and Shaddock, D. A. and Shaffer, T. and Shah, S. and Shahriar, M. S. and Shaltev, M. and Shao, Z. and Shapiro, B. and Shawhan, P. and Sheperd, A. and Shoemaker, D. H. and Shoemaker, D. M. and Siellez, K. and Siemens, X. and Sigg, D. and Silva, A. D. and Simakov, D. and Singer, A. and Singer, L. P. and Singh, A. and Singh, R. and Singhal, A. and Sintes, A. M. and Slagmolen, B. J. J. and Smith, J. R. and Smith, M. R. and Smith, N. D. and Smith, R. J. E. and Son, E. J. and Sorazu, B. and Sorrentino, F. and Souradeep, T. and Srivastava, A. K. and Staley, A. and Steinke, M. and Steinlechner, J. and Steinlechner, S. and Steinmeyer, D. and Stephens, B. C. and Stevenson, S. P. and Stone, R. and Strain, K. A. and Straniero, N. and Stratta, G. and Strauss, N. A. and Strigin, S. and Sturani, R. and Stuver, A. L. and Summerscales, T. Z. and Sun, L. and Sutton, P. J. and Swinkels, B. L. and Szczepa\ifmmode \acute{n}\else \'{n}\fi{}czyk, M. J. and Tacca, M. and Talukder, D. and Tanner, D. B. and T\'apai, M. and Tarabrin, S. P. and Taracchini, A. and Taylor, R. and Theeg, T. and Thirugnanasambandam, M. P. and Thomas, E. G. and Thomas, M. and Thomas, P. and Thorne, K. A. and Thorne, K. S. and Thrane, E. and Tiwari, S. and Tiwari, V. and Tokmakov, K. V. and Tomlinson, C. and Tonelli, M. and Torres, C. V. and Torrie, C. I. and T\"oyr\"a, D. and Travasso, F. and Traylor, G. and Trifir\`o, D. and Tringali, M. C. and Trozzo, L. and Tse, M. and Turconi, M. and Tuyenbayev, D. and Ugolini, D. and Unnikrishnan, C. S. and Urban, A. L. and Usman, S. A. and Vahlbruch, H. and Vajente, G. and Valdes, G. and Vallisneri, M. and van Bakel, N. and van Beuzekom, M. and van den Brand, J. F. J. and Van Den Broeck, C. and Vander-Hyde, D. C. and van der Schaaf, L. and van Heijningen, J. V. and van Veggel, A. A. and Vardaro, M. and Vass, S. and Vas\'uth, M. and Vaulin, R. and Vecchio, A. and Vedovato, G. and Veitch, J. and Veitch, P. J. and Venkateswara, K. and Verkindt, D. and Vetrano, F. and Vicer\'e, A. and Vinciguerra, S. and Vine, D. J. and Vinet, J.-Y. and Vitale, S. and Vo, T. and Vocca, H. and Vorvick, C. and Voss, D. and Vousden, W. D. and Vyatchanin, S. P. and Wade, A. R. and Wade, L. E. and Wade, M. and Waldman, S. J. and Walker, M. and Wallace, L. and Walsh, S. and Wang, G. and Wang, H. and Wang, M. and Wang, X. and Wang, Y. and Ward, H. and Ward, R. L. and Warner, J. and Was, M. and Weaver, B. and Wei, L.-W. and Weinert, M. and Weinstein, A. J. and Weiss, R. and Welborn, T. and Wen, L. and We\ss{}els, P. and Westphal, T. and Wette, K. and Whelan, J. T. and Whitcomb, S. E. and White, D. J. and Whiting, B. F. and Wiesner, K. and Wilkinson, C. and Willems, P. A. and Williams, L. and Williams, R. D. and Williamson, A. R. and Willis, J. L. and Willke, B. and Wimmer, M. H. and Winkelmann, L. and Winkler, W. and Wipf, C. C. and Wiseman, A. G. and Wittel, H. and Woan, G. and Worden, J. and Wright, J. L. and Wu, G. and Yablon, J. and Yakushin, I. and Yam, W. and Yamamoto, H. and Yancey, C. C. and Yap, M. J. and Yu, H. and Yvert, M. and Zadro\ifmmode \dot{z}\else \.{z}\fi{}ny, A. and Zangrando, L. and Zanolin, M. and Zendri, J.-P. and Zevin, M. and Zhang, F. and Zhang, L. and Zhang, M. and Zhang, Y. and Zhao, C. and Zhou, M. and Zhou, Z. and Zhu, X. J. and Zucker, M. E. and Zuraw, S. E. and Zweizig, J.},
  collaboration = {LIGO Scientific Collaboration and Virgo Collaboration},
  journal = {Phys. Rev. Lett.},
  volume = {116},
  issue = {6},
  pages = {061102},
  numpages = {16},
  year = {2016},
  month = {Feb},
  publisher = {American Physical Society},
  doi = {10.1103/PhysRevLett.116.061102}
}

@ARTICLE{abbott:2018,
       author = {{Abbott}, B.~P. and {Abbott}, R. and {Abbott}, T.~D. and
         {Abernathy}, M.~R. and {Acernese}, F. and {Ackley}, K. and {Adams}, C. and
         {Adams}, T. and {Addesso}, P. and {Adhikari}, R.~X. and {Adya}, V.~B. and
         {Affeldt}, C. and {Agathos}, M. and {Agatsuma}, K. and {Aggarwal}, N. and
         {Aguiar}, O.~D. and {Aiello}, L. and {Ain}, A. and {Ajith}, P. and
         {Akutsu}, T. and {Allen}, B. and {Allocca}, A. and {Altin}, P.~A. and
         {Ananyeva}, A. and {Anderson}, S.~B. and {Anderson}, W.~G. and
         {Ando}, M. and {Appert}, S. and {Arai}, K. and {Araya}, A. and
         {Araya}, M.~C. and {Areeda}, J.~S. and {Arnaud}, N. and {Arun}, K.~G. and
         {Asada}, H. and {Ascenzi}, S. and {Ashton}, G. and {Aso}, Y. and
         {Ast}, M. and {Aston}, S.~M. and {Astone}, P. and {Atsuta}, S. and
         {Aufmuth}, P. and {Aulbert}, C. and {Avila-Alvarez}, A. and {Awai}, K. and
         {Babak}, S. and {Bacon}, P. and {Bader}, M.~K.~M. and {Baiotti}, L. and
         {Baker}, P.~T. and {Baldaccini}, F. and {Ballardin}, G. and
         {Ballmer}, S.~W. and {Barayoga}, J.~C. and {Barclay}, S.~E. and
         {Barish}, B.~C. and {Barker}, D. and {Barone}, F. and {Barr}, B. and
         {Barsotti}, L. and {Barsuglia}, M. and {Barta}, D. and {Bartlett}, J. and
         {Barton}, M.~A. and {Bartos}, I. and {Bassiri}, R. and {Basti}, A. and
         {Batch}, J.~C. and {Baune}, C. and {Bavigadda}, V. and {Bazzan}, M. and
         {B{\'e}csy}, B. and {Beer}, C. and {Bejger}, M. and {Belahcene}, I. and
         {Belgin}, M. and {Bell}, A.~S. and {Berger}, B.~K. and {Bergmann}, G. and
         {Berry}, C.~P.~L. and {Bersanetti}, D. and {Bertolini}, A. and
         {Betzwieser}, J. and {Bhagwat}, S. and {Bhandare}, R. and
         {Bilenko}, I.~A. and {Billingsley}, G. and {Billman}, C.~R. and
         {Birch}, J. and {Birney}, R. and {Birnholtz}, O. and {Biscans}, S. and
         {Bisht}, A. and {Bitossi}, M. and {Biwer}, C. and {Bizouard}, M.~A. and
         {Blackburn}, J.~K. and {Blackman}, J. and {Blair}, C.~D. and
         {Blair}, D.~G. and {Blair}, R.~M. and {Bloemen}, S. and {Bock}, O. and
         {Boer}, M. and {Bogaert}, G. and {Bohe}, A. and {Bondu}, F. and {Bonnand
        }, R. and {Boom}, B.~A. and {Bork}, R. and {Boschi}, V. and {Bose}, S. and
         {Bouffanais}, Y. and {Bozzi}, A. and {Bradaschia}, C. and
         {Brady}, P.~R. and {Braginsky}, V.~B. and {Branchesi}, M. and
         {Brau}, J.~E. and {Briant}, T. and {Brillet}, A. and {Brinkmann}, M. and
         {Brisson}, V. and {Brockill}, P. and {Broida}, J.~E. and
         {Brooks}, A.~F. and {Brown}, D.~A. and {Brown}, D.~D. and
         {Brown}, N.~M. and {Brunett}, S. and {Buchanan}, C.~C. and
         {Buikema}, A. and {Bulik}, T. and {Bulten}, H.~J. and {Buonanno}, A. and
         {Buskulic}, D. and {Buy}, C. and {Byer}, R.~L. and {Cabero}, M. and
         {Cadonati}, L. and {Cagnoli}, G. and {Cahillane}, C. and
         {Calder{\'o}n Bustillo}, J. and {Callister}, T.~A. and {Calloni}, E. and
         {Camp}, J.~B. and {Cannon}, K.~C. and {Cao}, H. and {Cao}, J. and
         {Capano}, C.~D. and {Capocasa}, E. and {Carbognani}, F. and
         {Caride}, S. and {Casanueva Diaz}, J. and {Casentini}, C. and
         {Caudill}, S. and {Cavagli{\`a}}, M. and {Cavalier}, F. and
         {Cavalieri}, R. and {Cella}, G. and {Cepeda}, C.~B. and
         {Cerboni Baiardi}, L. and {Cerretani}, G. and {Cesarini}, E. and
         {Chamberlin}, S.~J. and {Chan}, M. and {Chao}, S. and {Charlton}, P. and
         {Chassande-Mottin}, E. and {Cheeseboro}, B.~D. and {Chen}, H.~Y. and
         {Chen}, Y. and {Cheng}, H. -P. and {Chincarini}, A. and {Chiummo}, A. and
         {Chmiel}, T. and {Cho}, H.~S. and {Cho}, M. and {Chow}, J.~H. and
         {Christensen}, N. and {Chu}, Q. and {Chua}, A.~J.~K. and {Chua}, S. and
         {Chung}, S. and {Ciani}, G. and {Clara}, F. and {Clark}, J.~A. and
         {Cleva}, F. and {Cocchieri}, C. and {Coccia}, E. and {Cohadon}, P. -F. and
         {Colla}, A. and {Collette}, C.~G. and {Cominsky}, L. and
         {Constancio}, M. and {Conti}},
        title = "{Prospects for observing and localizing gravitational-wave transients with Advanced LIGO, Advanced Virgo and KAGRA}",
      journal = {Living Reviews in Relativity},
     keywords = {Gravitational waves, Gravitational-wave detectors, Electromagnetic counterparts, Data analysis, General Relativity and Quantum Cosmology, Astrophysics - High Energy Astrophysical Phenomena},
         year = "2018",
        month = "Apr",
       volume = {21},
          eid = {3},
        pages = {3},
          doi = {10.1007/s41114-018-0012-9},
archivePrefix = {arXiv},
       eprint = {1304.0670},
 primaryClass = {gr-qc},
       adsurl = {https://ui.adsabs.harvard.edu/\#abs/2018LRR....21....3A},
      adsnote = {Provided by the SAO/NASA Astrophysics Data System}
}

@ARTICLE{abdik:2010,
       author = {{Abdikamalov}, E.~B. and {Ott}, C.~D. and {Rezzolla}, L. and {Dessart},
        L. and {Dimmelmeier}, H. and {Marek}, A. and {Janka}, H. -T.},
        title = "{Axisymmetric general relativistic simulations of the accretion-induced
        collapse of white dwarfs}",
      journal = {\prd},
     keywords = {04.25.D-, 02.70.Bf, 04.30.Db, 97.60.Bw, Numerical relativity, Finite-
        difference methods, Wave generation and sources, Supernovae,
        Astrophysics - High Energy Astrophysical Phenomena, General
        Relativity and Quantum Cosmology},
         year = 2010,
        month = Feb,
       volume = {81},
          eid = {044012},
        pages = {044012},
          doi = {10.1103/PhysRevD.81.044012},
archivePrefix = {arXiv},
       eprint = {0910.2703},
       adsurl = {https://ui.adsabs.harvard.edu/#abs/2010PhRvD..81d4012A},
      adsnote = {Provided by the SAO/NASA Astrophysics Data System}
}

@ARTICLE{abdik:2014,
       author = {{Abdikamalov}, Ernazar and {Gossan}, Sarah and {DeMaio}, Alexandra M.
        and {Ott}, Christian D.},
        title = "{Measuring the angular momentum distribution in core-collapse supernova
        progenitors with gravitational waves}",
      journal = {\prd},
     keywords = {04.25.D-, 95.85.Sz, 97.60.Bw, 97.60.Jd, Numerical relativity,
        Gravitational radiation magnetic fields and other observations,
        Supernovae, Neutron stars, Astrophysics - Solar and Stellar
        Astrophysics, Astrophysics - High Energy Astrophysical
        Phenomena, General Relativity and Quantum Cosmology},
         year = 2014,
        month = Aug,
       volume = {90},
          eid = {044001},
        pages = {044001},
          doi = {10.1103/PhysRevD.90.044001},
archivePrefix = {arXiv},
       eprint = {1311.3678},
       adsurl = {https://ui.adsabs.harvard.edu/#abs/2014PhRvD..90d4001A},
      adsnote = {Provided by the SAO/NASA Astrophysics Data System}
}

@techreport{anderson:2004,
        author={{Anderson}, S. and {Anderson}, W. and {Blackburn}, K. and {Brady}, P. and {Brown}, D. and {Charlton}, P. and {Creighton}, J. and {Creighton}, T. and {Finn}, L.S. and {Romano}, J. and {Sigg}, D. and {Whelan}, J. and {Wiseman}, A. and {Zweizig}, J.},
        title = {LIGOT010095-00-Z},
        year = 2004,
        url = {https://dcc.ligo.org/LIGO-T010095/public}
        }

@techreport{barsotti:2018,
        author = {{Barsotti}, L. and {Fritschel}, P. and {Evans}, M. and {Gras}, S.},
        title = {LIGO Document T1800044-v5},
        year = 2018,
        url = {https://dcc.ligo.org/LIGO-T1800044/public}
}

@ARTICLE{bellm:2019,
       author = {{Bellm}, Eric C. and {Kulkarni}, Shrinivas R. and {Graham}, Matthew J.
        and {Dekany}, Richard and {Smith}, Roger M. and {Riddle}, Reed
        and {Masci}, Frank J. and {Helou}, George and {Prince}, Thomas
        A. and {Adams}, Scott M. and {Barbarino}, C. and {Barlow}, Tom
        and {Bauer}, James and {Beck}, Ron and {Belicki}, Justin and
        {Biswas}, Rahul and {Blagorodnova}, Nadejda and {Bodewits},
        Dennis and {Bolin}, Bryce and {Brinnel}, Valery and {Brooke},
        Tim and {Bue}, Brian and {Bulla}, Mattia and {Burruss}, Rick and
        {Cenko}, S. Bradley and {Chang}, Chan-Kao and {Connolly}, Andrew
        and {Coughlin}, Michael and {Cromer}, John and {Cunningham},
        Virginia and {De}, Kishalay and {Delacroix}, Alex and {Desai},
        Vandana and {Duev}, Dmitry A. and {Eadie}, Gwendolyn and
        {Farnham}, Tony L. and {Feeney}, Michael and {Feindt}, Ulrich
        and {Flynn}, David and {Franckowiak}, Anna and {Frederick}, S.
        and {Fremling}, C. and {Gal-Yam}, Avishay and {Gezari}, Suvi and
        {Giomi}, Matteo and {Goldstein}, Daniel A. and {Golkhou}, V.
        Zach and {Goobar}, Ariel and {Groom}, Steven and {Hacopians},
        Eugean and {Hale}, David and {Henning}, John and {Ho}, Anna
        Y.~Q. and {Hover}, David and {Howell}, Justin and {Hung}, Tiara
        and {Huppenkothen}, Daniela and {Imel}, David and {Ip}, Wing-
        Huen and {Ivezi{\'c}}, {\v{Z}}eljko and {Jackson}, Edward and
        {Jones}, Lynne and {Juric}, Mario and {Kasliwal}, Mansi M. and
        {Kaspi}, S. and {Kaye}, Stephen and {Kelley}, Michael S.~P. and
        {Kowalski}, Marek and {Kramer}, Emily and {Kupfer}, Thomas and
        {Landry}, Walter and {Laher}, Russ R. and {Lee}, Chien-De and
        {Lin}, Hsing Wen and {Lin}, Zhong-Yi and {Lunnan}, Ragnhild and
        {Giomi}, Matteo and {Mahabal}, Ashish and {Mao}, Peter and
        {Miller}, Adam A. and {Monkewitz}, Serge and {Murphy}, Patrick
        and {Ngeow}, Chow-Choong and {Nordin}, Jakob and {Nugent}, Peter
        and {Ofek}, Eran and {Patterson}, Maria T. and {Penprase}, Bryan
        and {Porter}, Michael and {Rauch}, Ludwig and {Rebbapragada},
        Umaa and {Reiley}, Dan and {Rigault}, Mickael and {Rodriguez},
        Hector and {van Roestel}, Jan and {Rusholme}, Ben and {van
        Santen}, Jakob and {Schulze}, S. and {Shupe}, David L. and
        {Singer}, Leo P. and {Soumagnac}, Maayane T. and {Stein}, Robert
        and {Surace}, Jason and {Sollerman}, Jesper and {Szkody}, Paula
        and {Taddia}, F. and {Terek}, Scott and {Van Sistine}, Angela
        and {van Velzen}, Sjoert and {Vestrand}, W. Thomas and
        {Walters}, Richard and {Ward}, Charlotte and {Ye}, Quan-Zhi and
        {Yu}, Po-Chieh and {Yan}, Lin and {Zolkower}, Jeffry},
        title = "{The Zwicky Transient Facility: System Overview, Performance, and First Results}",
      journal = {Publications of the Astronomical Society of the Pacific},
         year = 2019,
        month = Jan,
       volume = {131},
        pages = {018002},
          doi = {10.1088/1538-3873/aaecbe},
       adsurl = {https://ui.adsabs.harvard.edu/\#abs/2019PASP..131a8002B},
      adsnote = {Provided by the SAO/NASA Astrophysics Data System}
}

@ARTICLE{bonanno:2005,
       author = {{Bonanno}, A. and {Urpin}, V. and {Belvedere}, G.},
        title = "{Protoneutron star dynamos and pulsar magnetism}",
      journal = {\aap},
     keywords = {magnetohydrodynamics (MHD), pulsars: general, stars: neutron, stars: magnetic fields, Astrophysics},
         year = "2005",
        month = "Sep",
       volume = {440},
        pages = {199-205},
          doi = {10.1051/0004-6361:20042098},
archivePrefix = {arXiv},
       eprint = {astro-ph/0504328},
 primaryClass = {astro-ph},
       adsurl = {https://ui.adsabs.harvard.edu/\#abs/2005A&A...440..199B},
      adsnote = {Provided by the SAO/NASA Astrophysics Data System}
}

@ARTICLE{bionta:1987,
       author = {{Bionta}, R.~M. and {Blewitt}, G. and {Bratton}, C.~B. and {Casper}, D.
        and {Ciocio}, A. and {Claus}, R. and {Cortez}, B. and {Crouch},
        M. and {Dye}, S.~T. and {Errede}, S. and {Foster}, G.~W. and
        {Gajewski}, W. and {Ganezer}, K.~S. and {Goldhaber}, M. and
        {Haines}, T.~J. and {Jones}, T.~W. and {Kielczewska}, D. and
        {Kropp}, W.~R. and {Learned}, J.~G. and {Losecco}, J.~M. and
        {Matthews}, J. and {Miller}, R. and {Mudan}, M.~S. and {Park},
        H.~S. and {Price}, L.~R. and {Reines}, F. and {Schultz}, J. and
        {Seidel}, S. and {Shumard}, E. and {Sinclair}, D. and {Sobel},
        H.~W. and {Stone}, J.~L. and {Sulak}, L.~R. and {Svoboda}, R.
        and {Thornton}, G. and {van der Velde}, J.~C. and {Wuest}, C.},
        title = "{Observation of a neutrino burst in coincidence with supernova 1987A in the Large Magellanic Cloud}",
      journal = {\prl},
     keywords = {Magellanic Clouds, Neutrinos, Supernova 1987a, Cerenkov Radiation, Radiation Detectors, Underground Structures, Space Radiation, 97.60.Bw, 14.60.Gh, 95.85.Sz, Supernovae, Gravitational radiation magnetic fields and other observations},
         year = 1987,
        month = Apr,
       volume = {58},
        pages = {1494-1496},
          doi = {10.1103/PhysRevLett.58.1494},
       adsurl = {https://ui.adsabs.harvard.edu/\#abs/1987PhRvL..58.1494B},
      adsnote = {Provided by the SAO/NASA Astrophysics Data System}
}

@ARTICLE{blanchet:1990,
       author = {{Blanchet}, Luc and {Damour}, Thibault and {Schaefer}, Gerhard},
        title = "{Post-Newtonian hydrodynamics and post-Newtonian gravitational wave
        generation for numerical relativity}",
      journal = {\mnras},
     keywords = {Computational Astrophysics, Gravitational Waves, Relativistic Effects,
        Computerized Simulation, Einstein Equations, Gravitational
        Collapse, Gravitational Effects, Hydrodynamics, Astrophysics},
         year = 1990,
        month = Jan,
       volume = {242},
        pages = {289-305},
          doi = {10.1093/mnras/242.3.289},
       adsurl = {https://ui.adsabs.harvard.edu/#abs/1990MNRAS.242..289B},
      adsnote = {Provided by the SAO/NASA Astrophysics Data System}
}


@ARTICLE{blondin:2003,
       author = {{Blondin}, John M. and {Mezzacappa}, Anthony and {DeMarino}, Christine},
        title = "{Stability of Standing Accretion Shocks, with an Eye toward Core-Collapse
        Supernovae}",
      journal = {\apj},
     keywords = {Accretion, Accretion Disks, Hydrodynamics, Shock Waves, Stars:
        Supernovae: General, Turbulence, Astrophysics},
         year = 2003,
        month = Feb,
       volume = {584},
        pages = {971-980},
          doi = {10.1086/345812},
archivePrefix = {arXiv},
       eprint = {astro-ph/0210634},
       adsurl = {https://ui.adsabs.harvard.edu/#abs/2003ApJ...584..971B},
      adsnote = {Provided by the SAO/NASA Astrophysics Data System}
}

@ARTICLE{blondin:2006,
       author = {{Blondin}, John M. and {Mezzacappa}, Anthony},
        title = "{The Spherical Accretion Shock Instability in the Linear Regime}",
      journal = {\apj},
     keywords = {Accretion, Accretion Disks, Hydrodynamics, Shock Waves, Stars:
        Supernovae: General, Turbulence, Astrophysics},
         year = 2006,
        month = May,
       volume = {642},
        pages = {401-409},
          doi = {10.1086/500817},
archivePrefix = {arXiv},
       eprint = {astro-ph/0507181},
       adsurl = {https://ui.adsabs.harvard.edu/#abs/2006ApJ...642..401B},
      adsnote = {Provided by the SAO/NASA Astrophysics Data System}
}

@ARTICLE{bruenn:1985,
       author = {{Bruenn}, S.~W.},
        title = "{Stellar core collapse - Numerical model and infall epoch}",
      journal = {The Astrophysical Journal Supplement Series},
     keywords = {Gravitational Collapse, Stellar Cores, Stellar Models, Computational
        Astrophysics, Density Distribution, Entropy, Equations Of State,
        Hydrodynamic Equations, Neutrinos, Particle Interactions,
        Radiation Transport, Astrophysics},
         year = 1985,
        month = Aug,
       volume = {58},
        pages = {771-841},
          doi = {10.1086/191056},
       adsurl = {https://ui.adsabs.harvard.edu/#abs/1985ApJS...58..771B},
      adsnote = {Provided by the SAO/NASA Astrophysics Data System}
}

@ARTICLE{bruenn:1989,
       author = {{Bruenn}, Stephen W.},
        title = "{The Prompt-Shock Supernova Mechanism. I. The Effect of the Free-Proton
        Mass Fraction and the Neutrino Transport Algorithm}",
      journal = {\apj},
     keywords = {Neutrinos, Nuclear Astrophysics, Shock Wave Propagation, Supernovae,
        Astronomical Models, Electron Scattering, Equations Of State,
        Transport Theory, Astrophysics, NEUTRINOS, SHOCK WAVES, STARS:
        INDIVIDUAL ALPHANUMERIC: SN 1987A, STARS: INTERIORS, STARS:
        SUPERNOVAE},
         year = 1989,
        month = May,
       volume = {340},
        pages = {955},
          doi = {10.1086/167450},
       adsurl = {https://ui.adsabs.harvard.edu/#abs/1989ApJ...340..955B},
      adsnote = {Provided by the SAO/NASA Astrophysics Data System}
}

@ARTICLE{burrows:1992,
       author = {{Burrows}, Adam and {Fryxell}, Bruce A.},
        title = "{An Instability in Neutron Stars at Birth}",
      journal = {Science},
     keywords = {Neutron Stars, Star Formation, Taylor Instability, Computational
        Astrophysics, Digital Simulation, Hydrodynamic Equations,
        Supernovae, Astrophysics},
         year = 1992,
        month = Oct,
       volume = {258},
        pages = {430-434},
          doi = {10.1126/science.258.5081.430},
       adsurl = {https://ui.adsabs.harvard.edu/#abs/1992Sci...258..430B},
      adsnote = {Provided by the SAO/NASA Astrophysics Data System}
}

@ARTICLE{burrows:1996,
       author = {{Burrows}, Adam and {Hayes}, John},
        title = "{Pulsar Recoil and Gravitational Radiation Due to Asymmetrical Stellar
        Collapse and Explosion}",
      journal = {\prl},
     keywords = {Astrophysics},
         year = 1996,
        month = Jan,
       volume = {76},
        pages = {352-355},
          doi = {10.1103/PhysRevLett.76.352},
archivePrefix = {arXiv},
       eprint = {astro-ph/9511106},
       adsurl = {https://ui.adsabs.harvard.edu/#abs/1996PhRvL..76..352B},
      adsnote = {Provided by the SAO/NASA Astrophysics Data System}
}

@ARTICLE{burrows:2007,
       author = {{Burrows}, A. and {Dessart}, L. and {Livne}, E. and {Ott}, C.~D. and
        {Murphy}, J.},
        title = "{Simulations of Magnetically Driven Supernova and Hypernova Explosions in
        the Context of Rapid Rotation}",
      journal = {\apj},
     keywords = {Magnetohydrodynamics: MHD, Stars: Supernovae: General, Astrophysics},
         year = 2007,
        month = Jul,
       volume = {664},
        pages = {416-434},
          doi = {10.1086/519161},
archivePrefix = {arXiv},
       eprint = {astro-ph/0702539},
       adsurl = {https://ui.adsabs.harvard.edu/#abs/2007ApJ...664..416B},
      adsnote = {Provided by the SAO/NASA Astrophysics Data System}
}

@ARTICLE{burrows:2012,
       author = {{Burrows}, Adam and {Dolence}, Joshua C. and {Murphy}, Jeremiah W.},
        title = "{An Investigation into the Character of Pre-explosion Core-collapse Supernova Shock Motion}",
      journal = {\apj},
     keywords = {hydrodynamics, neutrinos, stars: interiors, supernovae: general, Astrophysics - Solar and Stellar Astrophysics},
         year = 2012,
        month = Nov,
       volume = {759},
          eid = {5},
        pages = {5},
          doi = {10.1088/0004-637X/759/1/5},
archivePrefix = {arXiv},
       eprint = {1204.3088},
 primaryClass = {astro-ph.SR},
       adsurl = {https://ui.adsabs.harvard.edu/\#abs/2012ApJ...759....5B},
      adsnote = {Provided by the SAO/NASA Astrophysics Data System}
}

@ARTICLE{cardall:2013,
       author = {{Cardall}, Christian Y. and {Endeve}, Eirik and {Mezzacappa}, Anthony},
        title = "{Conservative 3+1 general relativistic variable Eddington tensor
        radiation transport equations}",
      journal = {\prd},
     keywords = {95.30.Jx, 05.20.Dd, 47.70.-n, 97.60.Bw, Radiative transfer, scattering,
        Kinetic theory, Reactive and radiative flows, Supernovae,
        Astrophysics - High Energy Astrophysical Phenomena},
         year = 2013,
        month = May,
       volume = {87},
          eid = {103004},
        pages = {103004},
          doi = {10.1103/PhysRevD.87.103004},
archivePrefix = {arXiv},
       eprint = {1209.2151},
 primaryClass = {astro-ph.HE},
       adsurl = {https://ui.adsabs.harvard.edu/#abs/2013PhRvD..87j3004C},
      adsnote = {Provided by the SAO/NASA Astrophysics Data System}
}

@ARTICLE{cerda-duran:2007,
       author = {{Cerd{\'a}-Dur{\'a}n}, P. and {Font}, J.~A. and {Dimmelmeier}, H.},
        title = "{General relativistic simulations of passive-magneto-rotational core collapse with microphysics}",
      journal = {\aap},
     keywords = {gravitation, hydrodynamics, magnetohydrodynamics (MHD), methods: numerical, stars: supernovae: general, relativity, Astrophysics, General Relativity and Quantum Cosmology},
         year = "2007",
        month = "Oct",
       volume = {474},
        pages = {169-191},
          doi = {10.1051/0004-6361:20077432},
archivePrefix = {arXiv},
       eprint = {astro-ph/0703597},
 primaryClass = {astro-ph},
       adsurl = {https://ui.adsabs.harvard.edu/\#abs/2007A&A...474..169C},
      adsnote = {Provided by the SAO/NASA Astrophysics Data System}
}

@ARTICLE{cerda-duran:2013,
       author = {{Cerd{\'a}-Dur{\'a}n}, Pablo and {DeBrye}, Nicolas and
         {Aloy}, Miguel A. and {Font}, Jos{\'e} A. and {Obergaulinger}, Martin},
        title = "{Gravitational Wave Signatures in Black Hole Forming Core Collapse}",
      journal = {\apj},
     keywords = {black hole physics, gravitational waves, stars: massive, supernovae: general, Astrophysics - Solar and Stellar Astrophysics, Astrophysics - High Energy Astrophysical Phenomena, General Relativity and Quantum Cosmology},
         year = "2013",
        month = "Dec",
       volume = {779},
          eid = {L18},
        pages = {L18},
          doi = {10.1088/2041-8205/779/2/L18},
archivePrefix = {arXiv},
       eprint = {1310.8290},
 primaryClass = {astro-ph.SR},
       adsurl = {https://ui.adsabs.harvard.edu/\#abs/2013ApJ...779L..18C},
      adsnote = {Provided by the SAO/NASA Astrophysics Data System}
}

@ARTICLE{cordero-carrion:2009,
       author = {{Cordero-Carri{\'o}n}, Isabel and {Cerd{\'a}-Dur{\'a}n}, Pablo and
         {Dimmelmeier}, Harald and {Jaramillo}, Jos{\'e} Luis and
         {Novak}, J{\'e}r{\^o}me and {Gourgoulhon}, Eric},
        title = "{Improved constrained scheme for the Einstein equations: An approach to the uniqueness issue}",
      journal = {\prd},
     keywords = {04.20.Ex, 04.25.D-, 04.25.Nx, 97.60.-s, Initial value problem existence and uniqueness of solutions, Numerical relativity, Post-Newtonian approximation, perturbation theory, related approximations, Late stages of stellar evolution, General Relativity and Quantum Cosmology},
         year = "2009",
        month = "Jan",
       volume = {79},
          eid = {024017},
        pages = {024017},
          doi = {10.1103/PhysRevD.79.024017},
archivePrefix = {arXiv},
       eprint = {0809.2325},
 primaryClass = {gr-qc},
       adsurl = {https://ui.adsabs.harvard.edu/\#abs/2009PhRvD..79b4017C},
      adsnote = {Provided by the SAO/NASA Astrophysics Data System}
}

@ARTICLE{couch:2013a,
       author = {{Couch}, Sean M. and {Graziani}, Carlo and {Flocke}, Norbert},
        title = "{An Improved Multipole Approximation for Self-gravity and Its Importance
        for Core-collapse Supernova Simulations}",
      journal = {\apj},
     keywords = {gravitation, hydrodynamics, methods: numerical, stars: interiors,
        supernovae: general, Astrophysics - High Energy Astrophysical
        Phenomena},
         year = 2013,
        month = Dec,
       volume = {778},
          eid = {181},
        pages = {181},
          doi = {10.1088/0004-637X/778/2/181},
archivePrefix = {arXiv},
       eprint = {1307.3135},
       adsurl = {https://ui.adsabs.harvard.edu/#abs/2013ApJ...778..181C},
      adsnote = {Provided by the SAO/NASA Astrophysics Data System}
}

@ARTICLE{couch:2013b,
       author = {{Couch}, Sean M.},
        title = "{The Dependence of the Neutrino Mechanism of Core-collapse Supernovae on
        the Equation of State}",
      journal = {\apj},
     keywords = {hydrodynamics, methods: numerical, shock waves, stars: interiors,
        supernovae: general, Astrophysics - High Energy Astrophysical
        Phenomena},
         year = 2013,
        month = Mar,
       volume = {765},
          eid = {29},
        pages = {29},
          doi = {10.1088/0004-637X/765/1/29},
archivePrefix = {arXiv},
       eprint = {1206.4724},
 primaryClass = {astro-ph.HE},
       adsurl = {https://ui.adsabs.harvard.edu/#abs/2013ApJ...765...29C},
      adsnote = {Provided by the SAO/NASA Astrophysics Data System}
}

@ARTICLE{couch:2014,
   author = {{Couch}, S.~M. and {O'Connor}, E.~P.},
    title = "{High-resolution Three-dimensional Simulations of Core-collapse Supernovae in Multiple Progenitors}",
  journal = {\apj},
archivePrefix = "arXiv",
   eprint = {1310.5728},
 primaryClass = "astro-ph.HE",
 keywords = {hydrodynamics, methods: numerical, neutrinos, stars: interiors, supernovae: general},
     year = 2014,
    month = apr,
   volume = 785,
      eid = {123},
    pages = {123},
      doi = {10.1088/0004-637X/785/2/123},
   adsurl = {http://adsabs.harvard.edu/abs/2014ApJ...785..123C},
  adsnote = {Provided by the SAO/NASA Astrophysics Data System}
}

@ARTICLE{dimm:2002,
       author = {{Dimmelmeier}, H. and {Font}, J.~A. and {M{\"u}ller}, E.},
        title = "{Relativistic simulations of rotational core collapse II. Collapse
        dynamics and gravitational radiation}",
      journal = {\aap},
     keywords = {gravitation, gravitational waves, hydrodynamics, stars: neutron, stars:
        rotation, stars: supernovae: general, Astrophysics, General
        Relativity and Quantum Cosmology},
         year = 2002,
        month = Oct,
       volume = {393},
        pages = {523-542},
          doi = {10.1051/0004-6361:20021053},
archivePrefix = {arXiv},
       eprint = {astro-ph/0204289},
       adsurl = {https://ui.adsabs.harvard.edu/#abs/2002A&A...393..523D},
      adsnote = {Provided by the SAO/NASA Astrophysics Data System}
}

@ARTICLE{demink:2013,
       author = {{de Mink}, S.~E. and {Langer}, N. and {Izzard}, R.~G. and {Sana}, H. and
         {de Koter}, A.},
        title = "{The Rotation Rates of Massive Stars: The Role of Binary Interaction through Tides, Mass Transfer, and Mergers}",
      journal = {\apj},
     keywords = {binaries: close, binaries: spectroscopic, Galaxy: stellar content, stars: early-type, stars: massive, stars: rotation, Astrophysics - Solar and Stellar Astrophysics},
         year = "2013",
        month = "Feb",
       volume = {764},
          eid = {166},
        pages = {166},
          doi = {10.1088/0004-637X/764/2/166},
archivePrefix = {arXiv},
       eprint = {1211.3742},
 primaryClass = {astro-ph.SR},
       adsurl = {https://ui.adsabs.harvard.edu/\#abs/2013ApJ...764..166D},
      adsnote = {Provided by the SAO/NASA Astrophysics Data System}
}

@ARTICLE{dimm:2005,
       author = {{Dimmelmeier}, Harald and {Novak}, J{\'e}r{\^o}me and {Font}, Jos{\'e}
        A. and {Ib{\'a}{\~n}ez}, Jos{\'e} M. and {M{\"u}ller}, Ewald},
        title = "{Combining spectral and shock-capturing methods: A new numerical approach
        for 3D relativistic core collapse simulations}",
      journal = {\prd},
     keywords = {04.25.Dm, 02.70.Bf, 04.30.Db, 97.60.Bw, Numerical relativity, Finite-
        difference methods, Wave generation and sources, Supernovae,
        Astrophysics, General Relativity and Quantum Cosmology},
         year = 2005,
        month = Mar,
       volume = {71},
          eid = {064023},
        pages = {064023},
          doi = {10.1103/PhysRevD.71.064023},
archivePrefix = {arXiv},
       eprint = {astro-ph/0407174},
       adsurl = {https://ui.adsabs.harvard.edu/#abs/2005PhRvD..71f4023D},
      adsnote = {Provided by the SAO/NASA Astrophysics Data System}
}

@ARTICLE{dimm:2007,
       author = {{Dimmelmeier}, H. and {Ott}, C.~D. and {Janka}, H. -T. and {Marek}, A.
        and {M{\"u}ller}, E.},
        title = "{Generic Gravitational-Wave Signals from the Collapse of Rotating Stellar
        Cores}",
      journal = {\prl},
     keywords = {04.25.Dm, 04.30.Db, 95.30.Sf, 95.30.Tg, Numerical relativity, Wave
        generation and sources, Relativity and gravitation,
        Thermodynamic processes conduction convection equations of
        state, Astrophysics, General Relativity and Quantum Cosmology},
         year = 2007,
        month = Jun,
       volume = {98},
          eid = {251101},
        pages = {251101},
          doi = {10.1103/PhysRevLett.98.251101},
archivePrefix = {arXiv},
       eprint = {astro-ph/0702305},
       adsurl = {https://ui.adsabs.harvard.edu/#abs/2007PhRvL..98y1101D},
      adsnote = {Provided by the SAO/NASA Astrophysics Data System}
}

@ARTICLE{dimm:2008,
       author = {{Dimmelmeier}, Harald and {Ott}, Christian D. and {Marek}, Andreas and
        {Janka}, H. -Thomas},
        title = "{Gravitational wave burst signal from core collapse of rotating stars}",
      journal = {\prd},
     keywords = {04.25.D-, 02.70.Bf, 04.30.Db, 97.60.Bw, Numerical relativity, Finite-
        difference methods, Wave generation and sources, Supernovae,
        Astrophysics},
         year = 2008,
        month = Sep,
       volume = {78},
          eid = {064056},
        pages = {064056},
          doi = {10.1103/PhysRevD.78.064056},
archivePrefix = {arXiv},
       eprint = {0806.4953},
       adsurl = {https://ui.adsabs.harvard.edu/#abs/2008PhRvD..78f4056D},
      adsnote = {Provided by the SAO/NASA Astrophysics Data System}
}

@ARTICLE{dubey:2009,
       author = {{Dubey}, A. and {Reid}, L.~B. and {Weide}, K. and {Antypas}, K. and
        {Ganapathy}, M.~K. and {Riley}, K. and {Sheeler}, D. and
        {Siegal}, A.},
        title = "{Extensible Component Based Architecture for FLASH, A Massively Parallel,
        Multiphysics Simulation Code}",
      journal = {ArXiv e-prints},
     keywords = {Computer Science - Software Engineering},
         year = 2009,
        month = Mar,
          eid = {arXiv:0903.4875},
        pages = {arXiv:0903.4875},
archivePrefix = {arXiv},
       eprint = {0903.4875},
       adsurl = {https://ui.adsabs.harvard.edu/#abs/2009arXiv0903.4875D},
      adsnote = {Provided by the SAO/NASA Astrophysics Data System}
}

@ARTICLE{endal:1978,
       author = {{Endal}, A.~S. and {Sofia}, S.},
        title = "{The evolution of rotating stars. II. Calculations with time-dependent
        redistribution of angular momentum for 7 and 10 M sun stars.}",
      journal = {\apj},
     keywords = {Angular Momentum, Chemical Composition, Momentum Transfer, Stellar
        Evolution, Stellar Rotation, Time Dependence, Angular Velocity,
        Carbon, Convection, Eddington Approximation, Gravitational
        Collapse, Main Sequence Stars, Radial Velocity, Secular
        Variations, Stellar Models, Thermal Instability, Astrophysics,
        Evolution:Rotating Stars},
         year = 1978,
        month = Feb,
       volume = {220},
        pages = {279-290},
          doi = {10.1086/155904},
       adsurl = {https://ui.adsabs.harvard.edu/#abs/1978ApJ...220..279E},
      adsnote = {Provided by the SAO/NASA Astrophysics Data System}
}

@ARTICLE{eriguchi:1984,
       author = {{Eriguchi}, Y. and {M{\"u}ller}, E.},
        title = "{Equilibrium models of differentially rotating polytropes and the
        collapse of rotating stellar cores.}",
      journal = {Max Planck Institut fur Astrophysik Report},
     keywords = {Polytropes:Models, Polytropes:Rotation, Rotation:Polytropes},
         year = 1984,
        month = Jan,
       volume = {168},
       adsurl = {https://ui.adsabs.harvard.edu/#abs/1984MPARp.168.....E},
      adsnote = {Provided by the SAO/NASA Astrophysics Data System}
}

@ARTICLE{fernandez:2010,
       author = {{Fern{\'a}ndez}, Rodrigo},
        title = "{The Spiral Modes of the Standing Accretion Shock Instability}",
      journal = {\apj},
     keywords = {hydrodynamics, instabilities, pulsars: general, shock waves, stars:
        rotation, supernovae: general, Astrophysics - Solar and Stellar
        Astrophysics, Astrophysics - High Energy Astrophysical Phenomena},
         year = 2010,
        month = Dec,
       volume = {725},
        pages = {1563-1580},
          doi = {10.1088/0004-637X/725/2/1563},
archivePrefix = {arXiv},
       eprint = {1003.1730},
       adsurl = {https://ui.adsabs.harvard.edu/#abs/2010ApJ...725.1563F},
      adsnote = {Provided by the SAO/NASA Astrophysics Data System}
}

@ARTICLE{finn:1990,
       author = {{Finn}, Lee Samuel and {Evans}, Charles R.},
        title = "{Determing gravitational radiation from Newtonian self-gravitating
        systems.}",
      journal = {\apj},
     keywords = {Computational Astrophysics, Gravitational Collapse, Gravitational Waves,
        Stellar Gravitation, Finite Difference Theory, Quadrupoles,
        Stellar Cores, Stellar Rotation, Astrophysics},
         year = 1990,
        month = Mar,
       volume = {351},
        pages = {588-600},
          doi = {10.1086/168497},
       adsurl = {https://ui.adsabs.harvard.edu/#abs/1990ApJ...351..588F},
      adsnote = {Provided by the SAO/NASA Astrophysics Data System}
}


@ARTICLE{foglizzo:2007,
       author = {{Foglizzo}, T. and {Galletti}, P. and {Scheck}, L. and {Janka}, H. -Th.},
        title = "{Instability of a Stalled Accretion Shock: Evidence for the Advective-
        Acoustic Cycle}",
      journal = {\apj},
     keywords = {Accretion, Accretion Disks, Hydrodynamics, Instabilities, Shock Waves,
        Stars: Supernovae: General, Astrophysics},
         year = 2007,
        month = Jan,
       volume = {654},
        pages = {1006-1021},
          doi = {10.1086/509612},
archivePrefix = {arXiv},
       eprint = {astro-ph/0606640},
       adsurl = {https://ui.adsabs.harvard.edu/#abs/2007ApJ...654.1006F},
      adsnote = {Provided by the SAO/NASA Astrophysics Data System}
}

@ARTICLE{fryer:2000,
       author = {{Fryer}, Chris L. and {Heger}, Alexander},
        title = "{Core-Collapse Simulations of Rotating Stars}",
      journal = {\apj},
     keywords = {Black Hole Physics, Convection, Hydrodynamics, Stars: Interiors, Stars:
        Rotation, Stars: Supernovae: General, Astrophysics},
         year = 2000,
        month = Oct,
       volume = {541},
        pages = {1033-1050},
          doi = {10.1086/309446},
archivePrefix = {arXiv},
       eprint = {astro-ph/9907433},
       adsurl = {https://ui.adsabs.harvard.edu/#abs/2000ApJ...541.1033F},
      adsnote = {Provided by the SAO/NASA Astrophysics Data System}
}


@ARTICLE{fryxell:2000,
       author = {{Fryxell}, B. and {Olson}, K. and {Ricker}, P. and {Timmes}, F.~X. and
        {Zingale}, M. and {Lamb}, D.~Q. and {MacNeice}, P. and {Rosner},
        R. and {Truran}, J.~W. and {Tufo}, H.},
        title = "{FLASH: An Adaptive Mesh Hydrodynamics Code for Modeling Astrophysical
        Thermonuclear Flashes}",
      journal = {The Astrophysical Journal Supplement Series},
     keywords = {Equation of State, Hydrodynamics, Methods: Numerical, Nuclear Reactions,
        Nucleosynthesis, Abundances, Stars: General},
         year = 2000,
        month = Nov,
       volume = {131},
        pages = {273-334},
          doi = {10.1086/317361},
       adsurl = {https://ui.adsabs.harvard.edu/#abs/2000ApJS..131..273F},
      adsnote = {Provided by the SAO/NASA Astrophysics Data System}
}

@MISC{fryxell:2010,
       author = {{Fryxell}, B. and {Olson}, K. and {Ricker}, P. and {Timmes}, F.~X. and
         {Zingale}, M. and {Lamb}, D.~Q. and {MacNeice}, P. and {Rosner}, R. and
         {Truran}, J.~W. and {Tufo}, H.},
        title = "{FLASH: Adaptive Mesh Hydrodynamics Code for Modeling Astrophysical Thermonuclear Flashes}",
     keywords = {Software},
         year = "2010",
        month = "Oct",
          eid = {ascl:1010.082},
        pages = {ascl:1010.082},
archivePrefix = {ascl},
       eprint = {1010.082},
       adsurl = {https://ui.adsabs.harvard.edu/\#abs/2010ascl.soft10082F},
      adsnote = {Provided by the SAO/NASA Astrophysics Data System}
}

@ARTICLE{gossan:2016,
       author = {{Gossan}, S.~E. and {Sutton}, P. and {Stuver}, A. and {Zanolin}, M. and
        {Gill}, K. and {Ott}, C.~D.},
        title = "{Observing gravitational waves from core-collapse supernovae in the advanced detector era}",
      journal = {\prd},
     keywords = {Astrophysics - High Energy Astrophysical Phenomena, General Relativity and Quantum Cosmology},
         year = 2016,
        month = Feb,
       volume = {93},
          eid = {042002},
        pages = {042002},
          doi = {10.1103/PhysRevD.93.042002},
archivePrefix = {arXiv},
       eprint = {1511.02836},
 primaryClass = {astro-ph.HE},
       adsurl = {https://ui.adsabs.harvard.edu/\#abs/2016PhRvD..93d2002G},
      adsnote = {Provided by the SAO/NASA Astrophysics Data System}
}

@ARTICLE{heger:2000,
       author = {{Heger}, A. and {Langer}, N. and {Woosley}, S.~E.},
        title = "{Presupernova Evolution of Rotating Massive Stars. I. Numerical Method
        and Evolution of the Internal Stellar Structure}",
      journal = {\apj},
     keywords = {HYDRODYNAMICS, METHODS: NUMERICAL, STARS EARLY-TYPE, STARS: EVOLUTION,
        STARS: INTERIORS, STARS ROTATION, Hydrodynamics, Methods:
        Numerical, stars early-type, Stars: Evolution, Stars: Interiors,
        stars rotation, Astrophysics},
         year = 2000,
        month = Jan,
       volume = {528},
        pages = {368-396},
          doi = {10.1086/308158},
archivePrefix = {arXiv},
       eprint = {astro-ph/9904132},
       adsurl = {https://ui.adsabs.harvard.edu/#abs/2000ApJ...528..368H},
      adsnote = {Provided by the SAO/NASA Astrophysics Data System}
}

@ARTICLE{heger:2005,
       author = {{Heger}, A. and {Woosley}, S.~E. and {Spruit}, H.~C.},
        title = "{Presupernova Evolution of Differentially Rotating Massive Stars
        Including Magnetic Fields}",
      journal = {\apj},
     keywords = {Stars: Pulsars: General, Stars: Evolution, Stars: Magnetic Fields,
        Stars: Rotation, Astrophysics},
         year = 2005,
        month = Jun,
       volume = {626},
        pages = {350-363},
          doi = {10.1086/429868},
archivePrefix = {arXiv},
       eprint = {astro-ph/0409422},
       adsurl = {https://ui.adsabs.harvard.edu/#abs/2005ApJ...626..350H},
      adsnote = {Provided by the SAO/NASA Astrophysics Data System}
}



@article{hirata:1987,
  title = {Observation of a neutrino burst from the supernova SN1987A},
  author = {Hirata, K. and Kajita, T. and Koshiba, M. and Nakahata, M. and Oyama, Y. and Sato, N. and Suzuki, A. and Takita, M. and Totsuka, Y. and Kifune, T. and Suda, T. and Takahashi, K. and Tanimori, T. and Miyano, K. and Yamada, M. and Beier, E. W. and Feldscher, L. R. and Kim, S. B. and Mann, A. K. and Newcomer, F. M. and Van, R. and Zhang, W. and Cortez, B. G.},
  journal = {Phys. Rev. Lett.},
  volume = {58},
  issue = {14},
  pages = {1490--1493},
  numpages = {0},
  year = {1987},
  month = {Apr},
  publisher = {American Physical Society},
  doi = {10.1103/PhysRevLett.58.1490}
}


@article{ho:2018,
	Author = {Ho, Wynn C. G.},
	Doi = {10.1098/rsta.2017.0285},
	Issn = {1364-503X},
	Journal = {Philosophical Transactions of the Royal Society of London A: Mathematical, Physical and Engineering Sciences},
	Number = {2120},
	Publisher = {The Royal Society},
	Title = {Gravitational waves from neutron stars and asteroseismology},
	Volume = {376},
	Year = {2018}
	}

@ARTICLE{horowitz:2017,
       author = {{Horowitz}, C.~J. and {Caballero}, O.~L. and {Lin}, Zidu and {O'Connor},
        Evan and {Schwenk}, A.},
        title = "{Neutrino-nucleon scattering in supernova matter from the virial
        expansion}",
      journal = {\prc},
     keywords = {Nuclear Theory, Astrophysics - High Energy Astrophysical Phenomena},
         year = 2017,
        month = Feb,
       volume = {95},
          eid = {025801},
        pages = {025801},
          doi = {10.1103/PhysRevC.95.025801},
 primaryClass = {nucl-th},
       adsurl = {https://ui.adsabs.harvard.edu/#abs/2017PhRvC..95b5801H},
      adsnote = {Provided by the SAO/NASA Astrophysics Data System}
}

@ARTICLE{hunter:2007,
       author = {{Hunter}, John D.},
        title = "{Matplotlib: A 2D Graphics Environment}",
      journal = {Computing in Science and Engineering},
     keywords = {Python, Scripting languages, Application development, Scientific programming},
         year = "2007",
        month = "May",
       volume = {9},
        pages = {90-95},
          doi = {10.1109/MCSE.2007.55},
       adsurl = {https://ui.adsabs.harvard.edu/\#abs/2007CSE.....9...90H},
      adsnote = {Provided by the SAO/NASA Astrophysics Data System}
}

@ARTICLE{ivezic:2008,
       author = {{Ivezi{\'c}}, {\v{Z}}eljko and {Kahn}, Steven M. and {Tyson}, J. Anthony
        and {Abel}, Bob and {Acosta}, Emily and {Allsman}, Robyn and
        {Alonso}, David and {AlSayyad}, Yusra and {Anderson}, Scott F.
        and {Andrew}, John and {Angel}, James Roger P. and {Angeli},
        George Z. and {Ansari}, Reza and {Antilogus}, Pierre and
        {Araujo}, Constanza and {Armstrong}, Robert and {Arndt}, Kirk T.
        and {Astier}, Pierre and {Aubourg}, {\'E}ric and {Auza}, Nicole
        and {Axelrod}, Tim S. and {Bard}, Deborah J. and {Barr}, Jeff D.
        and {Barrau}, Aurelian and {Bartlett}, James G. and {Bauer},
        Amanda E. and {Bauman}, Brian J. and {Baumont}, Sylvain and
        {Becker}, Andrew C. and {Becla}, Jacek and {Beldica}, Cristina
        and {Bellavia}, Steve and {Bianco}, Federica B. and {Biswas},
        Rahul and {Blanc}, Guillaume and {Blazek}, Jonathan and
        {Blandford}, Roger D. and {Bloom}, Josh S. and {Bogart}, Joanne
        and {Bond}, Tim W. and {Borgland}, Anders W. and {Borne}, Kirk
        and {Bosch}, James F. and {Boutigny}, Dominique and {Brackett},
        Craig A. and {Bradshaw}, Andrew and {Nielsen Brandt}, William
        and {Brown}, Michael E. and {Bullock}, James S. and {Burchat},
        Patricia and {Burke}, David L. and {Cagnoli}, Gianpietro and
        {Calabrese}, Daniel and {Callahan}, Shawn and {Callen}, Alice L.
        and {Chandrasekharan}, Srinivasan and {Charles-Emerson},
        Glenaver and {Chesley}, Steve and {Cheu}, Elliott C. and
        {Chiang}, Hsin-Fang and {Chiang}, James and {Chirino}, Carol and
        {Chow}, Derek and {Ciardi}, David R. and {Claver}, Charles F.
        and {Cohen-Tanugi}, Johann and {Cockrum}, Joseph J. and {Coles},
        Rebecca and {Connolly}, Andrew J. and {Cook}, Kem H. and
        {Cooray}, Asantha and {Covey}, Kevin R. and {Cribbs}, Chris and
        {Cui}, Wei and {Cutri}, Roc and {Daly}, Philip N. and {Daniel},
        Scott F. and {Daruich}, Felipe and {Daubard}, Guillaume and
        {Daues}, Greg and {Dawson}, William and {Delgado}, Francisco and
        {Dellapenna}, Alfred and {de Peyster}, Robert and {de Val-
        Borro}, Miguel and {Digel}, Seth W. and {Doherty}, Peter and
        {Dubois}, Richard and {Dubois-Felsmann}, Gregory P. and
        {Durech}, Josef and {Economou}, Frossie and {Eracleous}, Michael
        and {Ferguson}, Henry and {Figueroa}, Enrique and {Fisher-
        Levine}, Merlin and {Focke}, Warren and {Foss}, Michael D. and
        {Frank}, James and {Freemon}, Michael D. and {Gangler}, Emmanuel
        and {Gawiser}, Eric and {Geary}, John C. and {Gee}, Perry and
        {Geha}, Marla and {Gessner}, Charles J.~B. and {Gibson}, Robert
        R. and {Gilmore}, D. Kirk and {Glanzman}, Thomas and {Glick},
        William and {Goldina}, Tatiana and {Goldstein}, Daniel A. and
        {Goodenow}, Iain and {Graham}, Melissa L. and {Gressler},
        William J. and {Gris}, Philippe and {Guy}, Leanne P. and
        {Guyonnet}, Augustin and {Haller}, Gunther and {Harris}, Ron and
        {Hascall}, Patrick A. and {Haupt}, Justine and {Hernandez},
        Fabio and {Herrmann}, Sven and {Hileman}, Edward and {Hoblitt},
        Joshua and {Hodgson}, John A. and {Hogan}, Craig and {Huang},
        Dajun and {Huffer}, Michael E. and {Ingraham}, Patrick and
        {Innes}, Walter R. and {Jacoby}, Suzanne H. and {Jain}, Bhuvnesh
        and {Jammes}, Fabrice and {Jee}, James and {Jenness}, Tim and
        {Jernigan}, Garrett and {Jevremovi{\'c}}, Darko and {Johns},
        Kenneth and {Johnson}, Anthony S. and {Johnson}, Margaret W.~G.
        and {Jones}, R. Lynne and {Juramy-Gilles}, Claire and
        {Juri{\'c}}, Mario and {Kalirai}, Jason S. and {Kallivayalil},
        Nitya J. and {Kalmbach}, Bryce and {Kantor}, Jeffrey P. and
        {Karst}, Pierre and {Kasliwal}, Mansi M. and {Kelly}, Heather
        and {Kessler}, Richard and {Kinnison}, Veronica and {Kirkby},
        David and {Knox}, Lloyd and {Kotov}, Ivan V. and {Krabbendam},
        Victor L. and {Krughoff}, K. Simon and {Kub{\'a}nek}, Petr and
        {Kuczewski}, John and {Kulkarni}, Shri and {Ku}, John and
        {Kurita}, Nadine R. and {Lage}, Craig S. and {Lambert}, Ron and
        {Lange}, Travis and {Langton}, J. Brian and {Le Guillou},
        Laurent and {Levine}, Deborah and {Liang}, Ming and {Lim}, Kian-
        Tat and {Lintott}, Chris J. and {Long}, Kevin E. and {Lopez},
        Margaux and {Lotz}, Paul J. and {Lupton}, Robert H. and {Lust},
        Nate B. and {MacArthur}, Lauren A. and {Mahabal}, Ashish and
        {Mandelbaum}, Rachel and {Marsh}, Darren S. and {Marshall},
        Philip J. and {Marshall}, Stuart and {May}, Morgan and
        {McKercher}, Robert and {McQueen}, Michelle and {Meyers}, Joshua
        and {Migliore}, Myriam and {Miller}, Michelle and {Mills}, David
        J. and {Miraval}, Connor and {Moeyens}, Joachim and {Monet},
        David G. and {Moniez}, Marc and {Monkewitz}, Serge and
        {Montgomery}, Christopher and {Mueller}, Fritz and {Muller},
        Gary P. and {Mu{\~n}oz Arancibia}, Freddy and {Neill}, Douglas
        R. and {Newbry}, Scott P. and {Nief}, Jean-Yves and
        {Nomerotski}, Andrei and {Nordby}, Martin and {O'Connor}, Paul
        and {Oliver}, John and {Olivier}, Scot S. and {Olsen}, Knut and
        {O'Mullane}, William and {Ortiz}, Sandra and {Osier}, Shawn and
        {Owen}, Russell E. and {Pain}, Reynald and {Palecek}, Paul E.
        and {Parejko}, John K. and {Parsons}, James B. and {Pease},
        Nathan M. and {Peterson}, J. Matt and {Peterson}, John R. and
        {Petravick}, Donald L. and {Libby Petrick}, M.~E. and {Petry},
        Cathy E. and {Pierfederici}, Francesco and {Pietrowicz}, Stephen
        and {Pike}, Rob and {Pinto}, Philip A. and {Plante}, Raymond and
        {Plate}, Stephen and {Price}, Paul A. and {Prouza}, Michael and
        {Radeka}, Veljko and {Rajagopal}, Jayadev and {Rasmussen},
        Andrew P. and {Regnault}, Nicolas and {Reil}, Kevin A. and
        {Reiss}, David J. and {Reuter}, Michael A. and {Ridgway},
        Stephen T. and {Riot}, Vincent J. and {Ritz}, Steve and
        {Robinson}, Sean and {Roby}, William and {Roodman}, Aaron and
        {Rosing}, Wayne and {Roucelle}, Cecille and {Rumore}, Matthew R.
        and {Russo}, Stefano and {Saha}, Abhijit and {Sassolas}, Benoit
        and {Schalk}, Terry L. and {Schellart}, Pim and {Schindler},
        Rafe H. and {Schmidt}, Samuel and {Schneider}, Donald P. and
        {Schneider}, Michael D. and {Schoening}, William and
        {Schumacher}, German and {Schwamb}, Megan E. and {Sebag},
        Jacques and {Selvy}, Brian and {Sembroski}, Glenn H. and
        {Seppala}, Lynn G. and {Serio}, Andrew and {Serrano}, Eduardo
        and {Shaw}, Richard A. and {Shipsey}, Ian and {Sick}, Jonathan
        and {Silvestri}, Nicole and {Slater}, Colin T. and {Smith}, J.
        Allyn and {Smith}, R. Chris and {Sobhani}, Shahram and
        {Soldahl}, Christine and {Storrie-Lombardi}, Lisa and {Stover},
        Edward and {Strauss}, Michael A. and {Street}, Rachel A. and
        {Stubbs}, Christopher W. and {Sullivan}, Ian S. and {Sweeney},
        Donald and {Swinbank}, John D. and {Szalay}, Alexander and
        {Takacs}, Peter and {Tether}, Stephen A. and {Thaler}, Jon J.
        and {Thayer}, John Gregg and {Thomas}, Sandrine and {Thukral},
        Vaikunth and {Tice}, Jeffrey and {Trilling}, David E. and
        {Turri}, Max and {Van Berg}, Richard and {Vanden Berk}, Daniel
        and {Vetter}, Kurt and {Virieux}, Francoise and {Vucina},
        Tomislav and {Wahl}, William and {Walkowicz}, Lucianne and
        {Walsh}, Brian and {Walter}, Christopher W. and {Wang}, Daniel
        L. and {Wang}, Shin-Yawn and {Warner}, Michael and {Wiecha},
        Oliver and {Willman}, Beth and {Winters}, Scott E. and
        {Wittman}, David and {Wolff}, Sidney C. and {Wood-Vasey}, W.
        Michael and {Wu}, Xiuqin and {Xin}, Bo and {Yoachim}, Peter and
        {Zhan}, Hu and {for the LSST Collaboration}},
        title = "{LSST: from Science Drivers to Reference Design and Anticipated Data Products}",
      journal = {arXiv e-prints},
     keywords = {Astrophysics},
         year = 2008,
        month = May,
          eid = {arXiv:0805.2366},
        pages = {arXiv:0805.2366},
archivePrefix = {arXiv},
       eprint = {0805.2366},
 primaryClass = {astro-ph},
       adsurl = {https://ui.adsabs.harvard.edu/\#abs/2008arXiv0805.2366I},
      adsnote = {Provided by the SAO/NASA Astrophysics Data System}
}

@ARTICLE{iwakami:2009,
       author = {{Iwakami}, Wakana and {Kotake}, Kei and {Ohnishi}, Naofumi and {Yamada},
        Shoichi and {Sawada}, Keisuke},
        title = "{Effects of Rotation on Standing Accretion Shock Instability in Nonlinear
        Phase for Core-Collapse Supernovae}",
      journal = {\apj},
     keywords = {hydrodynamics, instabilities, neutrinos, supernovae: general,
        Astrophysics},
         year = 2009,
        month = Jul,
       volume = {700},
        pages = {232-242},
          doi = {10.1088/0004-637X/700/1/232},
archivePrefix = {arXiv},
       eprint = {0811.0651},
       adsurl = {https://ui.adsabs.harvard.edu/#abs/2009ApJ...700..232I},
      adsnote = {Provided by the SAO/NASA Astrophysics Data System}
}

@Misc{jones:2001,
  author =    {Eric Jones and Travis Oliphant and Pearu Peterson and others},
  title =     {{SciPy}: Open source scientific tools for {Python}},
  year =      {2001--},
  url = "http://www.scipy.org/"
}

@techreport{komori:2017,
        author = {{Komori}, K. and {Michimura}, Y. and {Somiya}, K.},
        title = "{Parameters for the latest estimated
        sensitivity of KAGRA}",
        year = 2017,
        url = {https://gwdoc.icrr.u-tokyo.ac.jp/cgi-bin/DocDB/ShowDocument?docid=7038}
}

@ARTICLE{kotake:2003,
       author = {{Kotake}, Kei and {Yamada}, Shoichi and {Sato}, Katsuhiko},
        title = "{Gravitational radiation from axisymmetric rotational core collapse}",
      journal = {\prd},
     keywords = {04.30.Db, Wave generation and sources, Astrophysics},
         year = 2003,
        month = Aug,
       volume = {68},
          eid = {044023},
        pages = {044023},
          doi = {10.1103/PhysRevD.68.044023},
archivePrefix = {arXiv},
       eprint = {astro-ph/0306430},
       adsurl = {https://ui.adsabs.harvard.edu/#abs/2003PhRvD..68d4023K},
      adsnote = {Provided by the SAO/NASA Astrophysics Data System}
}

@ARTICLE{kuroda:2016,
       author = {{Kuroda}, Takami and {Kotake}, Kei and {Takiwaki}, Tomoya},
        title = "{A New Gravitational-wave Signature from Standing Accretion Shock
        Instability in Supernovae}",
      journal = {\apj},
     keywords = {gravitational waves, hydrodynamics, supernovae: general, Astrophysics -
        High Energy Astrophysical Phenomena},
         year = 2016,
        month = Sep,
       volume = {829},
          eid = {L14},
        pages = {L14},
          doi = {10.3847/2041-8205/829/1/L14},
 primaryClass = {astro-ph.HE},
       adsurl = {https://ui.adsabs.harvard.edu/#abs/2016ApJ...829L..14K},
      adsnote = {Provided by the SAO/NASA Astrophysics Data System}
}

@ARTICLE{kuroda:2018,
       author = {{Kuroda}, Takami and {Kotake}, Kei and {Takiwaki}, Tomoya and
        {Thielemann}, Friedrich-Karl},
        title = "{A full general relativistic neutrino radiation-hydrodynamics simulation
        of a collapsing very massive star and the formation of a black
        hole}",
      journal = {\mnras},
     keywords = {supernovae: general, hydrodynamics, neutrinos, gravitational waves,
        Astrophysics - High Energy Astrophysical Phenomena},
         year = 2018,
        month = Jun,
       volume = {477},
        pages = {L80-L84},
          doi = {10.1093/mnrasl/sly059},
 primaryClass = {astro-ph.HE},
       adsurl = {https://ui.adsabs.harvard.edu/#abs/2018MNRAS.477L..80K},
      adsnote = {Provided by the SAO/NASA Astrophysics Data System}
}

@ARTICLE{lieb:2005,
       author = {{Liebend{\"o}rfer}, Matthias},
        title = "{A Simple Parameterization of the Consequences of Deleptonization for
        Simulations of Stellar Core Collapse}",
      journal = {\apj},
     keywords = {Hydrodynamics, Methods: Numerical, Neutrinos, Radiative Transfer, Stars:
        Supernovae: General, Astrophysics},
         year = 2005,
        month = Nov,
       volume = {633},
        pages = {1042-1051},
          doi = {10.1086/466517},
archivePrefix = {arXiv},
       eprint = {astro-ph/0504072},
       adsurl = {https://ui.adsabs.harvard.edu/#abs/2005ApJ...633.1042L},
      adsnote = {Provided by the SAO/NASA Astrophysics Data System}
}


@ARTICLE{macneice:2000,
       author = {{MacNeice}, Peter and {Olson}, Kevin M. and {Mobarry}, Clark and {de
        Fainchtein}, Rosalinda and {Packer}, Charles},
        title = "{PARAMESH: A parallel adaptive mesh refinement community toolkit}",
      journal = {Computer Physics Communications},
         year = 2000,
        month = Apr,
       volume = {126},
        pages = {330-354},
          doi = {10.1016/S0010-4655(99)00501-9},
       adsurl = {https://ui.adsabs.harvard.edu/#abs/2000CoPhC.126..330M},
      adsnote = {Provided by the SAO/NASA Astrophysics Data System}
}

@ARTICLE{marek:2006,
       author = {{Marek}, A. and {Dimmelmeier}, H. and {Janka}, H. -Th. and {M{\"u}ller},
        E. and {Buras}, R.},
        title = "{Exploring the relativistic regime with Newtonian hydrodynamics: an
        improved effective gravitational potential for supernova
        simulations}",
      journal = {\aap},
     keywords = {gravitation, hydrodynamics, methods: numerical, relativity, stars:
        supernovae: general, Astrophysics, General Relativity and
        Quantum Cosmology},
         year = 2006,
        month = Jan,
       volume = {445},
        pages = {273-289},
          doi = {10.1051/0004-6361:20052840},
archivePrefix = {arXiv},
       eprint = {astro-ph/0502161},
       adsurl = {https://ui.adsabs.harvard.edu/#abs/2006A&A...445..273M},
      adsnote = {Provided by the SAO/NASA Astrophysics Data System}
}

@ARTICLE{marek:2009a,
       author = {{Marek}, A. and {Janka}, H. -Th.},
        title = "{Delayed Neutrino-Driven Supernova Explosions Aided by the Standing
        Accretion-Shock Instability}",
      journal = {\apj},
     keywords = {hydrodynamics, neutrinos, supernovae: general, Astrophysics},
         year = 2009,
        month = Mar,
       volume = {694},
        pages = {664-696},
          doi = {10.1088/0004-637X/694/1/664},
archivePrefix = {arXiv},
       eprint = {0708.3372},
       adsurl = {https://ui.adsabs.harvard.edu/#abs/2009ApJ...694..664M},
      adsnote = {Provided by the SAO/NASA Astrophysics Data System}
}


@ARTICLE{marek:2009b,
       author = {{Marek}, A. and {Janka}, H. -T. and {M{\"u}ller}, E.},
        title = "{Equation-of-state dependent features in shock-oscillation modulated
        neutrino and gravitational-wave signals from supernovae}",
      journal = {\aap},
     keywords = {stars: supernovae: general, hydrodynamics, neutrinos, gravitational
        waves, dense matter, Astrophysics, General Relativity and
        Quantum Cosmology, High Energy Physics - Phenomenology},
         year = 2009,
        month = Mar,
       volume = {496},
        pages = {475-494},
          doi = {10.1051/0004-6361/200810883},
archivePrefix = {arXiv},
       eprint = {0808.4136},
       adsurl = {https://ui.adsabs.harvard.edu/#abs/2009A&A...496..475M},
      adsnote = {Provided by the SAO/NASA Astrophysics Data System}
}

@ARTICLE{martynov:2016,
       author = {{Martynov}, D.~V. and {Hall}, E.~D. and {Abbott}, B.~P. and {Abbott}, R.
        and {Abbott}, T.~D. and {Adams}, C. and {Adhikari}, R.~X. and
        {Anderson}, R.~A. and {Anderson}, S.~B. and {Arai}, K. and
        {Arain}, M.~A. and {Aston}, S.~M. and {Austin}, L. and
        {Ballmer}, S.~W. and {Barbet}, M. and {Barker}, D. and {Barr},
        B. and {Barsotti}, L. and {Bartlett}, J. and {Barton}, M.~A. and
        {Bartos}, I. and {Batch}, J.~C. and {Bell}, A.~S. and
        {Belopolski}, I. and {Bergman}, J. and {Betzwieser}, J. and
        {Billingsley}, G. and {Birch}, J. and {Biscans}, S. and {Biwer},
        C. and {Black}, E. and {Blair}, C.~D. and {Bogan}, C. and
        {Bork}, R. and {Bridges}, D.~O. and {Brooks}, A.~F. and
        {Celerier}, C. and {Ciani}, G. and {Clara}, F. and {Cook}, D.
        and {Countryman}, S.~T. and {Cowart}, M.~J. and {Coyne}, D.~C.
        and {Cumming}, A. and {Cunningham}, L. and {Damjanic}, M. and
        {Dannenberg}, R. and {Danzmann}, K. and {Costa}, C.~F. Da Silva
        and {Daw}, E.~J. and {DeBra}, D. and {DeRosa}, R.~T. and
        {DeSalvo}, R. and {Dooley}, K.~L. and {Doravari}, S. and
        {Driggers}, J.~C. and {Dwyer}, S.~E. and {Effler}, A. and
        {Etzel}, T. and {Evans}, M. and {Evans}, T.~M. and
        {Factourovich}, M. and {Fair}, H. and {Feldbaum}, D. and
        {Fisher}, R.~P. and {Foley}, S. and {Frede}, M. and {Fritschel},
        P. and {Frolov}, V.~V. and {Fulda}, P. and {Fyffe}, M. and
        {Galdi}, V. and {Giaime}, J.~A. and {Giardina}, K.~D. and
        {Gleason}, J.~R. and {Goetz}, R. and {Gras}, S. and {Gray}, C.
        and {Greenhalgh}, R.~J.~S. and {Grote}, H. and {Guido}, C.~J.
        and {Gushwa}, K.~E. and {Gustafson}, E.~K. and {Gustafson}, R.
        and {Hammond}, G. and {Hanks}, J. and {Hanson}, J. and
        {Hardwick}, T. and {Harry}, G.~M. and {Heefner}, J. and
        {Heintze}, M.~C. and {Heptonstall}, A.~W. and {Hoak}, D. and
        {Hough}, J. and {Ivanov}, A. and {Izumi}, K. and {Jacobson}, M.
        and {James}, E. and {Jones}, R. and {Kandhasamy}, S. and
        {Karki}, S. and {Kasprzack}, M. and {Kaufer}, S. and {Kawabe},
        K. and {Kells}, W. and {Kijbunchoo}, N. and {King}, E.~J. and
        {King}, P.~J. and {Kinzel}, D.~L. and {Kissel}, J.~S. and
        {Kokeyama}, K. and {Korth}, W.~Z. and {Kuehn}, G. and {Kwee}, P.
        and {Landry}, M. and {Lantz}, B. and {Le Roux}, A. and {Levine},
        B.~M. and {Lewis}, J.~B. and {Lhuillier}, V. and {Lockerbie},
        N.~A. and {Lormand}, M. and {Lubinski}, M.~J. and {Lundgren},
        A.~P. and {MacDonald}, T. and {MacInnis}, M. and {Macleod},
        D.~M. and {Mageswaran}, M. and {Mailand}, K. and {M{\'a}rka}, S.
        and {M{\'a}rka}, Z. and {Markosyan}, A.~S. and {Maros}, E. and
        {Martin}, I.~W. and {Martin}, R.~M. and {Marx}, J.~N. and
        {Mason}, K. and {Massinger}, T.~J. and {Matichard}, F. and
        {Mavalvala}, N. and {McCarthy}, R. and {McClelland}, D.~E. and
        {McCormick}, S. and {McIntyre}, G. and {McIver}, J. and
        {Merilh}, E.~L. and {Meyer}, M.~S. and {Meyers}, P.~M. and
        {Miller}, J. and {Mittleman}, R. and {Moreno}, G. and {Mueller},
        C.~L. and {Mueller}, G. and {Mullavey}, A. and {Munch}, J. and
        {Nuttall}, L.~K. and {Oberling}, J. and {O'Dell}, J. and
        {Oppermann}, P. and {Oram}, Richard J. and {O'Reilly}, B. and
        {Osthelder}, C. and {Ottaway}, D.~J. and {Overmier}, H. and
        {Palamos}, J.~R. and {Paris}, H.~R. and {Parker}, W. and
        {Patrick}, Z. and {Pele}, A. and {Penn}, S. and {Phelps}, M. and
        {Pickenpack}, M. and {Pierro}, V. and {Pinto}, I. and {Poeld},
        J. and {Principe}, M. and {Prokhorov}, L. and {Puncken}, O. and
        {Quetschke}, V. and {Quintero}, E.~A. and {Raab}, F.~J. and
        {Radkins}, H. and {Raffai}, P. and {Ramet}, C.~R. and {Reed},
        C.~M. and {Reid}, S. and {Reitze}, D.~H. and {Robertson}, N.~A.
        and {Rollins}, J.~G. and {Roma}, V.~J. and {Romie}, J.~H. and
        {Rowan}, S. and {Ryan}, K. and {Sadecki}, T. and {Sanchez},
        E.~J. and {Sandberg}, V. and {Sannibale}, V. and {Savage}, R.~L.
        and {Schofield}, R.~M.~S. and {Schultz}, B. and {Schwinberg}, P.
        and {Sellers}, D. and {Sevigny}, A. and {Shaddock}, D.~A. and
        {Shao}, Z. and {Shapiro}, B. and {Shawhan}, P. and {Shoemaker},
        D.~H. and {Sigg}, D. and {Slagmolen}, B.~J.~J. and {Smith},
        J.~R. and {Smith}, M.~R. and {Smith-Lefebvre}, N.~D. and
        {Sorazu}, B. and {Staley}, A. and {Stein}, A.~J. and {Stochino},
        A. and {Strain}, K.~A. and {Taylor}, R. and {Thomas}, M. and
        {Thomas}, P. and {Thorne}, K.~A. and {Thrane}, E. and {Torrie},
        C.~I. and {Traylor}, G. and {Vajente}, G. and {Valdes}, G. and
        {van Veggel}, A.~A. and {Vargas}, M. and {Vecchio}, A. and
        {Veitch}, P.~J. and {Venkateswara}, K. and {Vo}, T. and
        {Vorvick}, C. and {Waldman}, S.~J. and {Walker}, M. and {Ward},
        R.~L. and {Warner}, J. and {Weaver}, B. and {Weiss}, R. and
        {Welborn}, T. and {We{\ss}els}, P. and {Wilkinson}, C. and
        {Willems}, P.~A. and {Williams}, L. and {Willke}, B. and
        {Winkelmann}, L. and {Wipf}, C.~C. and {Worden}, J. and {Wu}, G.
        and {Yamamoto}, H. and {Yancey}, C.~C. and {Yu}, H. and {Zhang},
        L. and {Zucker}, M.~E. and {Zweizig}, J.},
        title = "{Sensitivity of the Advanced LIGO detectors at the beginning of
        gravitational wave astronomy}",
      journal = {\prd},
     keywords = {Astrophysics - Instrumentation and Methods for Astrophysics, Physics -
        Instrumentation and Detectors},
         year = 2016,
        month = Jun,
       volume = {93},
          eid = {112004},
        pages = {112004},
          doi = {10.1103/PhysRevD.93.112004},
       adsurl = {https://ui.adsabs.harvard.edu/#abs/2016PhRvD..93k2004M},
      adsnote = {Provided by the SAO/NASA Astrophysics Data System}
}

@ARTICLE{mazurek:1982,
       author = {{Mazurek}, T.~J.},
        title = "{The energetics of adiabatic shocks in stellar collapse}",
      journal = {\apj},
     keywords = {Adiabatic Conditions, Gravitational Collapse, Kinetic Energy, Shock Wave
        Propagation, Stellar Evolution, Stellar Mass Ejection,
        Dissociation, Hydrodynamics, Virial Theorem, Astrophysics},
         year = 1982,
        month = Aug,
       volume = {259},
        pages = {L13-L17},
          doi = {10.1086/183839},
       adsurl = {https://ui.adsabs.harvard.edu/#abs/1982ApJ...259L..13M},
      adsnote = {Provided by the SAO/NASA Astrophysics Data System}
}



@BOOK{misner:1973,
       author = {{Misner}, Charles W. and {Thorne}, Kip S. and {Wheeler}, John A.},
        title = "{Gravitation}",
    booktitle = {San Francisco: W.H. Freeman and Co., 1973},
         year = 1973,
       adsurl = {https://ui.adsabs.harvard.edu/#abs/1973grav.book.....M},
      adsnote = {Provided by the SAO/NASA Astrophysics Data System}
}

@ARTICLE{moench:1991,
       author = {{Moenchmeyer}, R. and {Schaefer}, G. and {Mueller}, E. and {Kates},
        R.~E.},
        title = "{Gravitational waves from the collapse of rotating stellar cores.}",
      journal = {\aap},
     keywords = {Gravitational Collapse, Gravitational Waves, Stellar Cores, Stellar
        Rotation, Supernova Remnants, Supernovae, Centrifugal Force,
        Iron, Power Spectra, Quadrupoles, Stellar Models, Waveforms,
        Astrophysics},
         year = 1991,
        month = Jun,
       volume = {246},
        pages = {417-440},
       adsurl = {https://ui.adsabs.harvard.edu/#abs/1991A&A...246..417M},
      adsnote = {Provided by the SAO/NASA Astrophysics Data System}
}

@ARTICLE{moro:2018,
   author = {{Morozova}, V. and {Radice}, D. and {Burrows}, A. and {Vartanyan}, D.
	},
    title = "{The Gravitational Wave Signal from Core-collapse Supernovae}",
  journal = {\apj},
archivePrefix = "arXiv",
   eprint = {1801.01914},
 primaryClass = "astro-ph.HE",
 keywords = {equation of state, gravitational waves, hydrodynamics, supernovae: general },
     year = 2018,
    month = jul,
   volume = 861,
      eid = {10},
    pages = {10},
      doi = {10.3847/1538-4357/aac5f1},
   adsurl = {http://adsabs.harvard.edu/abs/2018ApJ...861...10M},
  adsnote = {Provided by the SAO/NASA Astrophysics Data System}
}

@ARTICLE{muller:1982,
   author = {{Mueller}, E.},
    title = "{Gravitational radiation from collapsing rotating stellar cores}",
  journal = {\aap},
 keywords = {Gravitational Collapse, Gravitational Waves, Stellar Cores, Stellar Models, Stellar Rotation, Energy Spectra, Fourier Transformation},
     year = 1982,
    month = oct,
   volume = 114,
    pages = {53-59},
   adsurl = {http://adsabs.harvard.edu/abs/1982A%26A...114...53M},
  adsnote = {Provided by the SAO/NASA Astrophysics Data System}
}

@ARTICLE{muller:1997,
       author = {{Mueller}, E. and {Janka}, H. -T.},
        title = "{Gravitational radiation from convective instabilities in Type II
        supernova explosions.}",
      journal = {\aap},
     keywords = {SUPERNOVAE: GENERAL, STARS: NEUTRON, GRAVITATIONAL: WAVES,
        HYDRODYNAMICS, CONVECTION, INSTABILITIES},
         year = 1997,
        month = Jan,
       volume = {317},
        pages = {140-163},
       adsurl = {https://ui.adsabs.harvard.edu/#abs/1997A&A...317..140M},
      adsnote = {Provided by the SAO/NASA Astrophysics Data System}
}

@ARTICLE{muller:2004,
       author = {{M{\"u}ller}, Ewald and {Rampp}, Markus and {Buras}, Robert and {Janka},
        H. -Thomas and {Shoemaker}, David H.},
        title = "{Toward Gravitational Wave Signals from Realistic Core-Collapse Supernova
        Models}",
      journal = {\apj},
     keywords = {Gravitational Waves, Hydrodynamics, Relativity, Stars: Supernovae:
        General, Astrophysics},
         year = 2004,
        month = Mar,
       volume = {603},
        pages = {221-230},
          doi = {10.1086/381360},
archivePrefix = {arXiv},
       eprint = {astro-ph/0309833},
       adsurl = {https://ui.adsabs.harvard.edu/#abs/2004ApJ...603..221M},
      adsnote = {Provided by the SAO/NASA Astrophysics Data System}
}

@ARTICLE{muller:2013,
       author = {{M{\"u}ller}, Bernhard and {Janka}, Hans-Thomas and {Marek}, Andreas},
        title = "{A New Multi-dimensional General Relativistic Neutrino Hydrodynamics Code
        of Core-collapse Supernovae. III. Gravitational Wave Signals
        from Supernova Explosion Models}",
      journal = {\apj},
     keywords = {gravitation, gravitational waves, hydrodynamics, neutrinos, radiative
        transfer, supernovae: general, Astrophysics - Solar and Stellar
        Astrophysics, General Relativity and Quantum Cosmology},
         year = 2013,
        month = Mar,
       volume = {766},
          eid = {43},
        pages = {43},
          doi = {10.1088/0004-637X/766/1/43},
archivePrefix = {arXiv},
       eprint = {1210.6984},
       adsurl = {https://ui.adsabs.harvard.edu/#abs/2013ApJ...766...43M},
      adsnote = {Provided by the SAO/NASA Astrophysics Data System}
}

@ARTICLE{muller:2017,
       author = {{M{\"u}ller}, Bernhard},
        title = "{Gravitational Waves from Core-Collapse Supernovae}",
      journal = {arXiv e-prints},
     keywords = {Astrophysics - High Energy Astrophysical Phenomena, Astrophysics - Solar and Stellar Astrophysics, General Relativity and Quantum Cosmology},
         year = 2017,
        month = Mar,
          eid = {arXiv:1703.04633},
        pages = {arXiv:1703.04633},
archivePrefix = {arXiv},
       eprint = {1703.04633},
 primaryClass = {astro-ph.HE},
       adsurl = {https://ui.adsabs.harvard.edu/\#abs/2017arXiv170304633M},
      adsnote = {Provided by the SAO/NASA Astrophysics Data System}
}

@ARTICLE{bmuller:2019,
       author = {{M{\"u}ller}, Bernhard and {Tauris}, Thomas M. and {Heger}, Alexander and
         {Banerjee}, Projjwal and {Qian}, Yong-Zhong and {Powell}, Jade and
         {Chan}, Conrad and {Gay}, Daniel W. and {Langer}, Norbert},
        title = "{Three-dimensional simulations of neutrino-driven core-collapse supernovae from low-mass single and binary star progenitors}",
      journal = {\mnras},
     keywords = {stars: massive, stars: neutron, supernovae: general, Astrophysics - Solar and Stellar Astrophysics, Astrophysics - High Energy Astrophysical Phenomena},
         year = "2019",
        month = "Apr",
       volume = {484},
        pages = {3307-3324},
          doi = {10.1093/mnras/stz216},
archivePrefix = {arXiv},
       eprint = {1811.05483},
 primaryClass = {astro-ph.SR},
       adsurl = {https://ui.adsabs.harvard.edu/\#abs/2019MNRAS.484.3307M},
      adsnote = {Provided by the SAO/NASA Astrophysics Data System}
}

@ARTICLE{mueller:1997,
       author = {{Mueller}, E. and {Janka}, H. -T.},
        title = "{Gravitational radiation from convective instabilities in Type II supernova explosions.}",
      journal = {\aap},
     keywords = {SUPERNOVAE: GENERAL, STARS: NEUTRON, GRAVITATIONAL: WAVES, HYDRODYNAMICS, CONVECTION, INSTABILITIES},
         year = "1997",
        month = "Jan",
       volume = {317},
        pages = {140-163},
       adsurl = {https://ui.adsabs.harvard.edu/\#abs/1997A&A...317..140M},
      adsnote = {Provided by the SAO/NASA Astrophysics Data System}
}

@ARTICLE{murphy:2009,
       author = {{Murphy}, Jeremiah W. and {Ott}, Christian D. and {Burrows}, Adam},
        title = "{A Model for Gravitational Wave Emission from Neutrino-Driven Core-
        Collapse Supernovae}",
      journal = {\apj},
     keywords = {dense matter, equation of state, gravitational waves, hydrodynamics,
        instabilities, shock waves, supernovae: general, turbulence,
        Astrophysics - Solar and Stellar Astrophysics},
         year = 2009,
        month = Dec,
       volume = {707},
        pages = {1173-1190},
          doi = {10.1088/0004-637X/707/2/1173},
archivePrefix = {arXiv},
       eprint = {0907.4762},
       adsurl = {https://ui.adsabs.harvard.edu/#abs/2009ApJ...707.1173M},
      adsnote = {Provided by the SAO/NASA Astrophysics Data System}
}

@ARTICLE{nagakura:2018,
       author = {{Nagakura}, Hiroki and {Iwakami}, Wakana and {Furusawa}, Shun and
        {Okawa}, Hirotada and {Harada}, Akira and {Sumiyoshi}, Kohsuke
        and {Yamada}, Shoichi and {Matsufuru}, Hideo and {Imakura},
        Akira},
        title = "{Simulations of Core-collapse Supernovae in Spatial Axisymmetry with Full Boltzmann Neutrino Transport}",
      journal = {\apj},
     keywords = {hydrodynamics, neutrinos, supernovae: general, Astrophysics - High Energy Astrophysical Phenomena},
         year = 2018,
        month = Feb,
       volume = {854},
          eid = {136},
        pages = {136},
          doi = {10.3847/1538-4357/aaac29},
archivePrefix = {arXiv},
       eprint = {1702.01752},
 primaryClass = {astro-ph.HE},
       adsurl = {https://ui.adsabs.harvard.edu/\#abs/2018ApJ...854..136N},
      adsnote = {Provided by the SAO/NASA Astrophysics Data System}
}

@ARTICLE{obergaulinger:2017,
       author = {{Obergaulinger}, M. and {Aloy}, M. {\'A}.},
        title = "{Protomagnetar and black hole formation in high-mass stars}",
      journal = {\mnras},
     keywords = {gamma-ray burst: general, supernovae: general, Astrophysics - Solar and Stellar Astrophysics, Astrophysics - High Energy Astrophysical Phenomena},
         year = "2017",
        month = "Jul",
       volume = {469},
        pages = {L43-L47},
          doi = {10.1093/mnrasl/slx046},
archivePrefix = {arXiv},
       eprint = {1703.09893},
 primaryClass = {astro-ph.SR},
       adsurl = {https://ui.adsabs.harvard.edu/\#abs/2017MNRAS.469L..43O},
      adsnote = {Provided by the SAO/NASA Astrophysics Data System}
}

@ARTICLE{obergaulinger:2018,
       author = {{Obergaulinger}, M. and {Just}, O. and {Aloy}, M.~A.},
        title = "{Core collapse with magnetic fields and rotation}",
      journal = {Journal of Physics G Nuclear Physics},
     keywords = {Astrophysics - High Energy Astrophysical Phenomena, Astrophysics - Solar and Stellar Astrophysics},
         year = "2018",
        month = "Aug",
       volume = {45},
        pages = {084001},
          doi = {10.1088/1361-6471/aac982},
archivePrefix = {arXiv},
       eprint = {1806.00393},
 primaryClass = {astro-ph.HE},
       adsurl = {https://ui.adsabs.harvard.edu/\#abs/2018JPhG...45h4001O},
      adsnote = {Provided by the SAO/NASA Astrophysics Data System}
}

@inproceedings{oconnor:2017a,
	Author = {{O'Connor}, E. and {Horowitz}, C.~J. and {Lin}, Z. and {Couch}, S.},
	Booktitle = {Supernova 1987A:30 years later - Cosmic Rays and Nuclei from Supernovae and their Aftermaths},
	Editor = {{Marcowith}, A. and {Renaud}, M. and {Dubner}, G. and {Ray}, A. and {Bykov}, A.},
	Month = feb,
	Pages = {107-112},
	Series = {IAU Symposium},
	Title = {{Core-Collapse Supernova Simulations including Neutrino Interactions from the Virial EOS}},
	Volume = 331,
	Year = 2017}


@ARTICLE{oconnor:2010,
       author = {{O'Connor}, Evan and {Ott}, Christian D.},
        title = "{A new open-source code for spherically symmetric stellar collapse to
        neutron stars and black holes}",
      journal = {Classical and Quantum Gravity},
     keywords = {Astrophysics - High Energy Astrophysical Phenomena, Astrophysics -
        Instrumentation and Methods for Astrophysics, Astrophysics -
        Solar and Stellar Astrophysics, General Relativity and Quantum
        Cosmology},
         year = 2010,
        month = Jun,
       volume = {27},
          eid = {114103},
        pages = {114103},
          doi = {10.1088/0264-9381/27/11/114103},
archivePrefix = {arXiv},
       eprint = {0912.2393},
       adsurl = {https://ui.adsabs.harvard.edu/#abs/2010CQGra..27k4103O},
      adsnote = {Provided by the SAO/NASA Astrophysics Data System}
}

@ARTICLE{oconnor:2011,
       author = {{O'Connor}, Evan and {Ott}, Christian D.},
        title = "{Black Hole Formation in Failing Core-Collapse Supernovae}",
      journal = {\apj},
     keywords = {black hole physics, equation of state, hydrodynamics, neutrinos, stars:
        evolution, stars: mass-loss, stars: neutron, supernovae:
        general, Astrophysics - High Energy Astrophysical Phenomena,
        Astrophysics - Solar and Stellar Astrophysics, General
        Relativity and Quantum Cosmology},
         year = 2011,
        month = Apr,
       volume = {730},
          eid = {70},
        pages = {70},
          doi = {10.1088/0004-637X/730/2/70},
archivePrefix = {arXiv},
       eprint = {1010.5550},
       adsurl = {https://ui.adsabs.harvard.edu/#abs/2011ApJ...730...70O},
      adsnote = {Provided by the SAO/NASA Astrophysics Data System}
}

@ARTICLE{oconnor:2015,
       author = {{O'Connor}, Evan},
        title = "{An Open-source Neutrino Radiation Hydrodynamics Code for Core-collapse
        Supernovae}",
      journal = {The Astrophysical Journal Supplement Series},
     keywords = {black hole physics, hydrodynamics, neutrinos, radiative transfer, stars:
        neutron, supernovae: general, Astrophysics - High Energy
        Astrophysical Phenomena, Nuclear Theory},
         year = 2015,
        month = Aug,
       volume = {219},
          eid = {24},
        pages = {24},
          doi = {10.1088/0067-0049/219/2/24},
archivePrefix = {arXiv},
       eprint = {1411.7058},
 primaryClass = {astro-ph.HE},
       adsurl = {https://ui.adsabs.harvard.edu/#abs/2015ApJS..219...24O},
      adsnote = {Provided by the SAO/NASA Astrophysics Data System}
}

@ARTICLE{oconnor:2018,
       author = {{O'Connor}, Evan P. and {Couch}, Sean M.},
        title = "{Two-dimensional Core-collapse Supernova Explosions Aided by General
        Relativity with Multidimensional Neutrino Transport}",
      journal = {\apj},
     keywords = {hydrodynamics, methods: numerical, neutrinos, radiative transfer, stars:
        neutron, supernovae: general, Astrophysics - High Energy
        Astrophysical Phenomena, Astrophysics - Solar and Stellar
        Astrophysics, General Relativity and Quantum Cosmology},
         year = 2018,
        month = Feb,
       volume = {854},
          eid = {63},
        pages = {63},
          doi = {10.3847/1538-4357/aaa893},
 primaryClass = {astro-ph.HE},
       adsurl = {https://ui.adsabs.harvard.edu/#abs/2018ApJ...854...63O},
      adsnote = {Provided by the SAO/NASA Astrophysics Data System}
}

@ARTICLE{ohnishi:2006,
       author = {{Ohnishi}, Naofumi and {Kotake}, Kei and {Yamada}, Shoichi},
        title = "{Numerical Analysis of Standing Accretion Shock Instability with Neutrino
        Heating in Supernova Cores}",
      journal = {\apj},
     keywords = {Hydrodynamics, Instabilities, Neutrinos, Stars: Supernovae: General,
        Astrophysics},
         year = 2006,
        month = Apr,
       volume = {641},
        pages = {1018-1028},
          doi = {10.1086/500554},
archivePrefix = {arXiv},
       eprint = {astro-ph/0509765},
       adsurl = {https://ui.adsabs.harvard.edu/#abs/2006ApJ...641.1018O},
      adsnote = {Provided by the SAO/NASA Astrophysics Data System}
}



@ARTICLE{ott:2007,
   author = {{Ott}, C.~D. and {Dimmelmeier}, H. and {Marek}, A. and {Janka}, H.-T. and 
	{Zink}, B. and {Hawke}, I. and {Schnetter}, E.},
    title = "{Rotating collapse of stellar iron cores in general relativity}",
  journal = {Classical and Quantum Gravity},
   eprint = {astro-ph/0612638},
     year = 2007,
    month = jun,
   volume = 24,
    pages = {S139-S154},
      doi = {10.1088/0264-9381/24/12/S10},
   adsurl = {http://adsabs.harvard.edu/abs/2007CQGra..24S.139O},
  adsnote = {Provided by the SAO/NASA Astrophysics Data System}
}

@ARTICLE{ott:2009,
       author = {{Ott}, Christian D.},
        title = "{Probing the core-collapse supernova mechanism with gravitational waves}",
      journal = {Classical and Quantum Gravity},
     keywords = {Astrophysics - High Energy Astrophysical Phenomena, Astrophysics - Solar
        and Stellar Astrophysics, General Relativity and Quantum
        Cosmology},
         year = 2009,
        month = Oct,
       volume = {26},
          eid = {204015},
        pages = {204015},
          doi = {10.1088/0264-9381/26/20/204015},
archivePrefix = {arXiv},
       eprint = {0905.2797},
       adsurl = {https://ui.adsabs.harvard.edu/#abs/2009CQGra..26t4015O},
      adsnote = {Provided by the SAO/NASA Astrophysics Data System}
}

@ARTICLE{ott:2011,
       author = {{Ott}, C.~D. and {Reisswig}, C. and {Schnetter}, E. and {O'Connor}, E.
        and {Sperhake}, U. and {L{\"o}ffler}, F. and {Diener}, P. and
        {Abdikamalov}, E. and {Hawke}, I. and {Burrows}, A.},
        title = "{Dynamics and Gravitational Wave Signature of Collapsar Formation}",
      journal = {\prl},
     keywords = {97.60.Lf, 04.30.Db, 97.60.Bw, 98.70.Rz, Black holes, Wave generation and
        sources, Supernovae, gamma-ray sources, gamma-ray bursts,
        Astrophysics - High Energy Astrophysical Phenomena, Astrophysics
        - Solar and Stellar Astrophysics, General Relativity and Quantum
        Cosmology},
         year = 2011,
        month = Apr,
       volume = {106},
          eid = {161103},
        pages = {161103},
          doi = {10.1103/PhysRevLett.106.161103},
archivePrefix = {arXiv},
       eprint = {1012.1853},
 primaryClass = {astro-ph.HE},
       adsurl = {https://ui.adsabs.harvard.edu/#abs/2011PhRvL.106p1103O},
      adsnote = {Provided by the SAO/NASA Astrophysics Data System}
}



@ARTICLE{ott:2012,
       author = {{Ott}, C.~D. and {Abdikamalov}, E. and {O'Connor}, E. and {Reisswig}, C.
        and {Haas}, R. and {Kalmus}, P. and {Drasco}, S. and {Burrows},
        A. and {Schnetter}, E.},
        title = "{Correlated gravitational wave and neutrino signals from general-
        relativistic rapidly rotating iron core collapse}",
      journal = {\prd},
     keywords = {04.25.D-, 04.30.Db, 04.30.Tv, 97.60.Bw, Numerical relativity, Wave
        generation and sources, Gravitational-wave astrophysics,
        Supernovae, Astrophysics - High Energy Astrophysical Phenomena,
        General Relativity and Quantum Cosmology},
         year = 2012,
        month = Jul,
       volume = {86},
          eid = {024026},
        pages = {024026},
          doi = {10.1103/PhysRevD.86.024026},
archivePrefix = {arXiv},
       eprint = {1204.0512},
       adsurl = {https://ui.adsabs.harvard.edu/#abs/2012PhRvD..86b4026O},
      adsnote = {Provided by the SAO/NASA Astrophysics Data System}
}

@ARTICLE{pan:2018,
       author = {{Pan}, Kuo-Chuan and {Liebend{\"o}rfer}, Matthias and {Couch}, Sean M.
        and {Thielemann}, Friedrich-Karl},
        title = "{Equation of State Dependent Dynamics and Multi-messenger Signals from
        Stellar-mass Black Hole Formation}",
      journal = {\apj},
     keywords = {gravitational waves, hydrodynamics, instabilities, neutrinos, stars:
        black hole, supernovae: general, Astrophysics - High Energy
        Astrophysical Phenomena},
         year = 2018,
        month = Apr,
       volume = {857},
          eid = {13},
        pages = {13},
          doi = {10.3847/1538-4357/aab71d},
 primaryClass = {astro-ph.HE},
       adsurl = {https://ui.adsabs.harvard.edu/#abs/2018ApJ...857...13P},
      adsnote = {Provided by the SAO/NASA Astrophysics Data System}
}


@ARTICLE{rampp:2002,
       author = {{Rampp}, M. and {Janka}, H. -T.},
        title = "{Radiation hydrodynamics with neutrinos. Variable Eddington factor method
        for core-collapse supernova simulations}",
      journal = {\aap},
     keywords = {stars: supernovae: general, elementary particles, hydrodynamics,
        neutrinos, Astrophysics},
         year = 2002,
        month = Dec,
       volume = {396},
        pages = {361-392},
          doi = {10.1051/0004-6361:20021398},
archivePrefix = {arXiv},
       eprint = {astro-ph/0203101},
       adsurl = {https://ui.adsabs.harvard.edu/#abs/2002A&A...396..361R},
      adsnote = {Provided by the SAO/NASA Astrophysics Data System}
}

@ARTICLE{richers:2017,
       author = {{Richers}, Sherwood and {Ott}, Christian D. and {Abdikamalov}, Ernazar
        and {O'Connor}, Evan and {Sullivan}, Chris},
        title = "{Equation of state effects on gravitational waves from rotating core
        collapse}",
      journal = {\prd},
     keywords = {Astrophysics - High Energy Astrophysical Phenomena},
         year = 2017,
        month = Mar,
       volume = {95},
          eid = {063019},
        pages = {063019},
          doi = {10.1103/PhysRevD.95.063019},
       adsurl = {https://ui.adsabs.harvard.edu/#abs/2017PhRvD..95f3019R},
      adsnote = {Provided by the SAO/NASA Astrophysics Data System}
}

@ARTICLE{saijo:2004,
       author = {{Saijo}, Motoyuki},
        title = "{The Collapse of Differentially Rotating Supermassive Stars: Conformally Flat Simulations}",
      journal = {\apj},
     keywords = {Black Hole Physics, Gravitational Waves, Hydrodynamics, Instabilities, Relativity, Stars: Rotation, Astrophysics, General Relativity and Quantum Cosmology},
         year = "2004",
        month = "Nov",
       volume = {615},
        pages = {866-879},
          doi = {10.1086/424700},
archivePrefix = {arXiv},
       eprint = {astro-ph/0407621},
 primaryClass = {astro-ph},
       adsurl = {https://ui.adsabs.harvard.edu/\#abs/2004ApJ...615..866S},
      adsnote = {Provided by the SAO/NASA Astrophysics Data System}
}

@ARTICLE{scheck:2008,
       author = {{Scheck}, L. and {Janka}, H. -Th. and {Foglizzo}, T. and {Kifonidis}, K.},
        title = "{Multidimensional supernova simulations with approximative neutrino
        transport. II. Convection and the advective-acoustic cycle in
        the supernova core}",
      journal = {\aap},
     keywords = {hydrodynamics, instabilities, shock waves, neutrinos, stars: supernovae:
        general, Astrophysics},
         year = 2008,
        month = Jan,
       volume = {477},
        pages = {931-952},
          doi = {10.1051/0004-6361:20077701},
archivePrefix = {arXiv},
       eprint = {0704.3001},
       adsurl = {https://ui.adsabs.harvard.edu/#abs/2008A&A...477..931S},
      adsnote = {Provided by the SAO/NASA Astrophysics Data System}
}



@ARTICLE{shibata:2004,
       author = {{Shibata}, Masaru and {Sekiguchi}, Yu-Ichirou},
        title = "{Gravitational waves from axisymmetric rotating stellar core collapse to
        a neutron star in full general relativity}",
      journal = {\prd},
     keywords = {04.25.Dm, 04.30.-w, 04.40.Dg, Numerical relativity, Gravitational waves:
        theory, Relativistic stars: structure stability and
        oscillations, General Relativity and Quantum Cosmology,
        Astrophysics},
         year = 2004,
        month = Apr,
       volume = {69},
          eid = {084024},
        pages = {084024},
          doi = {10.1103/PhysRevD.69.084024},
archivePrefix = {arXiv},
       eprint = {gr-qc/0402040},
       adsurl = {https://ui.adsabs.harvard.edu/#abs/2004PhRvD..69h4024S},
      adsnote = {Provided by the SAO/NASA Astrophysics Data System}
}

@ARTICLE{shibata:2011,
       author = {{Shibata}, M. and {Kiuchi}, K. and {Sekiguchi}, Y. and {Suwa}, Y.},
        title = "{Truncated Moment Formalism for Radiation Hydrodynamics in Numerical
        Relativity}",
      journal = {Progress of Theoretical Physics},
     keywords = {Astrophysics - High Energy Astrophysical Phenomena, Astrophysics - Solar
        and Stellar Astrophysics, General Relativity and Quantum
        Cosmology},
         year = 2011,
        month = Jun,
       volume = {125},
        pages = {1255-1287},
          doi = {10.1143/PTP.125.1255},
archivePrefix = {arXiv},
       eprint = {1104.3937},
 primaryClass = {astro-ph.HE},
       adsurl = {https://ui.adsabs.harvard.edu/#abs/2011PThPh.125.1255S},
      adsnote = {Provided by the SAO/NASA Astrophysics Data System}
}

@ARTICLE{smith:2014,
       author = {{Smith}, Nathan},
        title = "{Mass Loss: Its Effect on the Evolution and Fate of High-Mass Stars}",
      journal = {Annual Review of Astronomy and Astrophysics},
     keywords = {Astrophysics - Solar and Stellar Astrophysics, Astrophysics - High Energy Astrophysical Phenomena},
         year = 2014,
        month = Aug,
       volume = {52},
        pages = {487-528},
          doi = {10.1146/annurev-astro-081913-040025},
archivePrefix = {arXiv},
       eprint = {1402.1237},
 primaryClass = {astro-ph.SR},
       adsurl = {https://ui.adsabs.harvard.edu/\#abs/2014ARA&A..52..487S},
      adsnote = {Provided by the SAO/NASA Astrophysics Data System}
}

@ARTICLE{spruit:2002,
       author = {{Spruit}, H.~C.},
        title = "{Dynamo action by differential rotation in a stably stratified stellar
        interior}",
      journal = {\aap},
     keywords = {MAGNETOHYDRODYNAMICS (MHD), STARS: MAGNETIC FIELDS, INSTABILITIES,
        Astrophysics},
         year = 2002,
        month = Jan,
       volume = {381},
        pages = {923-932},
          doi = {10.1051/0004-6361:20011465},
archivePrefix = {arXiv},
       eprint = {astro-ph/0108207},
 primaryClass = {astro-ph},
       adsurl = {https://ui.adsabs.harvard.edu/#abs/2002A&A...381..923S},
      adsnote = {Provided by the SAO/NASA Astrophysics Data System}
}



@ARTICLE{steiner:2013,
       author = {{Steiner}, A.~W. and {Hempel}, M. and {Fischer}, T.},
        title = "{Core-collapse Supernova Equations of State Based on Neutron Star
        Observations}",
      journal = {\apj},
     keywords = {equation of state, dense matter, hydrodynamics, stars: neutron,
        supernovae: general, Astrophysics - Solar and Stellar
        Astrophysics, Nuclear Theory},
         year = 2013,
        month = Sep,
       volume = {774},
          eid = {17},
        pages = {17},
          doi = {10.1088/0004-637X/774/1/17},
archivePrefix = {arXiv},
       eprint = {1207.2184},
       adsurl = {https://ui.adsabs.harvard.edu/#abs/2013ApJ...774...17S},
      adsnote = {Provided by the SAO/NASA Astrophysics Data System}
}

@ARTICLE{suk:2016,
       author = {{Sukhbold}, Tuguldur and {Ertl}, T. and {Woosley}, S.~E. and {Brown},
        Justin M. and {Janka}, H. -T.},
        title = "{Core-collapse Supernovae from 9 to 120 Solar Masses Based on Neutrino-
        powered Explosions}",
      journal = {\apj},
     keywords = {nuclear reactions, nucleosynthesis, abundances, stars: black holes,
        stars: massive, stars: neutron, supernovae: general,
        Astrophysics - High Energy Astrophysical Phenomena, Astrophysics
        - Solar and Stellar Astrophysics},
         year = 2016,
        month = Apr,
       volume = {821},
          eid = {38},
        pages = {38},
          doi = {10.3847/0004-637X/821/1/38},
       adsurl = {https://ui.adsabs.harvard.edu/#abs/2016ApJ...821...38S},
      adsnote = {Provided by the SAO/NASA Astrophysics Data System}
}

@ARTICLE{takiwaki:2012,
       author = {{Takiwaki}, Tomoya and {Kotake}, Kei and {Suwa}, Yudai},
        title = "{Three-dimensional Hydrodynamic Core-collapse Supernova Simulations for an 11.2 M$_{â˜‰}$ Star with Spectral Neutrino Transport}",
      journal = {\apj},
     keywords = {hydrodynamics, neutrinos, supernovae: general, Astrophysics - High Energy Astrophysical Phenomena},
         year = 2012,
        month = Apr,
       volume = {749},
          eid = {98},
        pages = {98},
          doi = {10.1088/0004-637X/749/2/98},
archivePrefix = {arXiv},
       eprint = {1108.3989},
 primaryClass = {astro-ph.HE},
       adsurl = {https://ui.adsabs.harvard.edu/\#abs/2012ApJ...749...98T},
      adsnote = {Provided by the SAO/NASA Astrophysics Data System}
}

@ARTICLE{torres-forne:2018,
       author = {{Torres-Forn{\'e}}, Alejandro and {Cerd{\'a}-Dur{\'a}n}, Pablo and
         {Passamonti}, Andrea and {Font}, Jos{\'e} A.},
        title = "{Towards asteroseismology of core-collapse supernovae with gravitational-wave observations - I. Cowling approximation}",
      journal = {\mnras},
     keywords = {asteroseismology, gravitational waves, methods: numerical, stars: neutron, stars: oscillations, supernovae: general, Astrophysics - Solar and Stellar Astrophysics, Astrophysics - High Energy Astrophysical Phenomena, General Relativity and Quantum Cosmology},
         year = "2018",
        month = "Mar",
       volume = {474},
        pages = {5272-5286},
          doi = {10.1093/mnras/stx3067},
archivePrefix = {arXiv},
       eprint = {1708.01920},
 primaryClass = {astro-ph.SR},
       adsurl = {https://ui.adsabs.harvard.edu/\#abs/2018MNRAS.474.5272T},
      adsnote = {Provided by the SAO/NASA Astrophysics Data System}
}

@ARTICLE{torres-forne:2019,
       author = {{Torres-Forn{\'e}}, Alejandro and {Cerd{\'a}-Dur{\'a}n}, Pablo and
         {Passamonti}, Andrea and {Obergaulinger}, Martin and
         {Font}, Jos{\'e} A.},
        title = "{Towards asteroseismology of core-collapse supernovae with gravitational wave observations - II. Inclusion of space-time perturbations}",
      journal = {\mnras},
     keywords = {asteroseismology, gravitational waves, methods: numerical, stars: neutron, stars: oscillations, supernovae: general, Astrophysics - High Energy Astrophysical Phenomena, Astrophysics - Solar and Stellar Astrophysics, General Relativity and Quantum Cosmology},
         year = "2019",
        month = "Jan",
       volume = {482},
        pages = {3967-3988},
          doi = {10.1093/mnras/sty2854},
archivePrefix = {arXiv},
       eprint = {1806.11366},
 primaryClass = {astro-ph.HE},
       adsurl = {https://ui.adsabs.harvard.edu/\#abs/2019MNRAS.482.3967T},
      adsnote = {Provided by the SAO/NASA Astrophysics Data System}
}

@BOOK{unno:1989,
   author = {{Unno}, W. and {Osaki}, Y. and {Ando}, H. and {Saio}, H. and 
	{Shibahashi}, H.},
    title = "{Nonradial oscillations of stars}",
booktitle = {Nonradial oscillations of stars, Tokyo: University of Tokyo Press, 1989, 2nd ed.},
     year = 1989,
   adsurl = {http://adsabs.harvard.edu/abs/1989nos..book.....U},
  adsnote = {Provided by the SAO/NASA Astrophysics Data System}
}

@ARTICLE{vanderwalt:2011,
       author = {{van der Walt}, St{\'e}fan and {Colbert}, S. Chris and
         {Varoquaux}, Ga{\"e}l},
        title = "{The NumPy Array: A Structure for Efficient Numerical Computation}",
      journal = {Computing in Science and Engineering},
     keywords = {Computer Science - Mathematical Software},
         year = "2011",
        month = "Mar",
       volume = {13},
        pages = {22-30},
          doi = {10.1109/MCSE.2011.37},
archivePrefix = {arXiv},
       eprint = {1102.1523},
 primaryClass = {cs.MS},
       adsurl = {https://ui.adsabs.harvard.edu/\#abs/2011CSE....13b..22V},
      adsnote = {Provided by the SAO/NASA Astrophysics Data System}
}

@ARTICLE{woosley:2002,
       author = {{Woosley}, S.~E. and {Heger}, A. and {Weaver}, T.~A.},
        title = "{The evolution and explosion of massive stars}",
      journal = {Reviews of Modern Physics},
     keywords = {26.30.+k, 97.60.Bw, 26.20.+f, 95.30.Cq, 97.10.Cv, 97.60.Jd, 95.30.Sf,
        Nucleosynthesis in novae supernovae and other explosive
        environments, Supernovae, Hydrostatic stellar nucleosynthesis,
        Elementary particle processes, Stellar structure interiors
        evolution nucleosynthesis ages, Neutron stars, Relativity and
        gravitation},
         year = 2002,
        month = Nov,
       volume = {74},
        pages = {1015-1071},
          doi = {10.1103/RevModPhys.74.1015},
       adsurl = {https://ui.adsabs.harvard.edu/#abs/2002RvMP...74.1015W},
      adsnote = {Provided by the SAO/NASA Astrophysics Data System}
}


@ARTICLE{woosley:2006,
       author = {{Woosley}, S.~E. and {Heger}, A.},
        title = "{The Progenitor Stars of Gamma-Ray Bursts}",
      journal = {\apj},
     keywords = {Gamma Rays: Bursts, Stars: Rotation, Stars: Supernovae: General,
        Astrophysics},
         year = 2006,
        month = Feb,
       volume = {637},
        pages = {914-921},
          doi = {10.1086/498500},
archivePrefix = {arXiv},
       eprint = {astro-ph/0508175},
       adsurl = {https://ui.adsabs.harvard.edu/#abs/2006ApJ...637..914W},
      adsnote = {Provided by the SAO/NASA Astrophysics Data System}
}

@ARTICLE{woosley:2007,
       author = {{Woosley}, S.~E. and {Heger}, A.},
        title = "{Nucleosynthesis and remnants in massive stars of solar metallicity}",
      journal = {\physrep},
     keywords = {Astrophysics},
         year = 2007,
        month = Apr,
       volume = {442},
        pages = {269-283},
          doi = {10.1016/j.physrep.2007.02.009},
archivePrefix = {arXiv},
       eprint = {astro-ph/0702176},
 primaryClass = {astro-ph},
       adsurl = {https://ui.adsabs.harvard.edu/\#abs/2007PhR...442..269W},
      adsnote = {Provided by the SAO/NASA Astrophysics Data System}
}

@ARTICLE{yamada:1995,
       author = {{Yamada}, Shoichi and {Sato}, Katsuhiko},
        title = "{Gravitational Radiation from Rotational Collapse of a Supernova Core}",
      journal = {\apj},
     keywords = {GRAVITATION, STARS: INTERIORS, STARS: ROTATION, STARS: SUPERNOVAE:
        GENERAL},
         year = 1995,
        month = Sep,
       volume = {450},
        pages = {245},
          doi = {10.1086/176135},
       adsurl = {https://ui.adsabs.harvard.edu/#abs/1995ApJ...450..245Y},
      adsnote = {Provided by the SAO/NASA Astrophysics Data System}
}

@ARTICLE{yoon:2005,
       author = {{Yoon}, S. -C. and {Langer}, N.},
        title = "{Evolution of rapidly rotating metal-poor massive stars towards gamma-ray
        bursts}",
      journal = {\aap},
     keywords = {stars: rotation, stars: evolution, stars: Wolf-Rayet, supernovae:
        general, gamma rays: bursts, Astrophysics},
         year = 2005,
        month = Nov,
       volume = {443},
        pages = {643-648},
          doi = {10.1051/0004-6361:20054030},
archivePrefix = {arXiv},
       eprint = {astro-ph/0508242},
       adsurl = {https://ui.adsabs.harvard.edu/#abs/2005A&A...443..643Y},
      adsnote = {Provided by the SAO/NASA Astrophysics Data System}
}



@ARTICLE{zwerger:1997,
       author = {{Zwerger}, T. and {Mueller}, E.},
        title = "{Dynamics and gravitational wave signature of axisymmetric rotational
        core collapse.}",
      journal = {\aap},
     keywords = {GRAVITATIONAL WAVES, HYDRODYNAMICS, STARS: NEUTRON, STARS: ROTATION,
        SUPERNOVAE: GENERAL},
         year = 1997,
        month = Apr,
       volume = {320},
        pages = {209-227},
       adsurl = {https://ui.adsabs.harvard.edu/#abs/1997A&A...320..209Z},
      adsnote = {Provided by the SAO/NASA Astrophysics Data System}
}


